[
  {
    "statement_id": "FS63210967",
    "company_id": "RETAIL001",
    "company_name": "Consumer Brands Inc.",
    "ticker_symbol": "CBRN",
    "statement_type": "INCOME",
    "fiscal_year": 2022,
    "fiscal_quarter": 2,
    "period_end_date": "2022-06-30",
    "revenue": 5551002356.72,
    "cost_of_revenue": 2507636199.5,
    "gross_profit": 3043366157.22,
    "operating_expenses": 2243511252.56,
    "operating_income": 799854904.66,
    "net_income": 558877892.38,
    "eps": 1.1739,
    "total_assets": 16162058035.85,
    "total_liabilities": 5343865874.26,
    "total_equity": 7143360811.18,
    "operating_cash_flow": 744796677.08,
    "free_cash_flow": 1037119215.39,
    "profit_margin": 0.1007,
    "roe": 0.11,
    "roa": 0.1062,
    "debt_to_equity": 0.7852,
    "current_ratio": 2.613,
    "auditor": "Deloitte",
    "audit_opinion": "UNQUALIFIED",
    "created_at": "2026-01-01T18:56:02.178652"
  },
  {
    "statement_id": "FS69281238",
    "company_id": "MFG001",
    "company_name": "Industrial Manufacturing Co.",
    "ticker_symbol": "IMCO",
    "statement_type": "BALANCE_SHEET",
    "fiscal_year": 2024,
    "fiscal_quarter": 2,
    "period_end_date": "2024-06-30",
    "revenue": 7372007304.91,
    "cost_of_revenue": 5018517586.12,
    "gross_profit": 2353489718.79,
    "operating_expenses": -549073950.57,
    "operating_income": 2902563669.36,
    "net_income": 1505753247.71,
    "eps": 9.2148,
    "total_assets": 19024201723.95,
    "total_liabilities": 9953595770.31,
    "total_equity": 8978068689.93,
    "operating_cash_flow": 871036626.95,
    "free_cash_flow": 1219966500.92,
    "profit_margin": 0.2043,
    "roe": 0.1573,
    "roa": 0.1246,
    "debt_to_equity": 1.3699,
    "current_ratio": 1.7881,
    "auditor": "KPMG",
    "audit_opinion": "UNQUALIFIED",
    "created_at": "2026-01-01T18:56:02.178669"
  },
  {
    "statement_id": "FS66822556",
    "company_id": "MFG001",
    "company_name": "Industrial Manufacturing Co.",
    "ticker_symbol": "IMCO",
    "statement_type": "CASH_FLOW",
    "fiscal_year": 2023,
    "fiscal_quarter": 3,
    "period_end_date": "2023-09-30",
    "revenue": 9557754002.68,
    "cost_of_revenue": 6671418792.55,
    "gross_profit": 2886335210.13,
    "operating_expenses": 740003928.56,
    "operating_income": 2146331281.57,
    "net_income": 498645123.76,
    "eps": 1.5312,
    "total_assets": 20731648909.38,
    "total_liabilities": 8001776766.4,
    "total_equity": 8417240876.7,
    "operating_cash_flow": 2836156000.07,
    "free_cash_flow": 1619554500.96,
    "profit_margin": 0.0522,
    "roe": 0.1878,
    "roa": 0.0726,
    "debt_to_equity": 0.7978,
    "current_ratio": 1.6574,
    "auditor": "PwC",
    "audit_opinion": "UNQUALIFIED",
    "created_at": "2026-01-01T18:56:02.178683"
  },
  {
    "statement_id": "FS81996242",
    "company_id": "HEALTH001",
    "company_name": "MedTech Innovations",
    "ticker_symbol": "MDTI",
    "statement_type": "INCOME",
    "fiscal_year": 2023,
    "fiscal_quarter": 4,
    "period_end_date": "2023-12-31",
    "revenue": 2684315694.88,
    "cost_of_revenue": 1416114580.64,
    "gross_profit": 1268201114.24,
    "operating_expenses": 609090901.5,
    "operating_income": 659110212.75,
    "net_income": 420928897.48,
    "eps": 1.4557,
    "total_assets": 6102451143.18,
    "total_liabilities": 3938011210.24,
    "total_equity": 2672409841.43,
    "operating_cash_flow": 315473607.15,
    "free_cash_flow": 411914848.93,
    "profit_margin": 0.1568,
    "roe": 0.1853,
    "roa": 0.1387,
    "debt_to_equity": 1.9086,
    "current_ratio": 1.9855,
    "auditor": "KPMG",
    "audit_opinion": "UNQUALIFIED",
    "created_at": "2026-01-01T18:56:02.178696"
  },
  {
    "statement_id": "FS77744257",
    "company_id": "MFG001",
    "company_name": "Industrial Manufacturing Co.",
    "ticker_symbol": "IMCO",
    "statement_type": "BALANCE_SHEET",
    "fiscal_year": 2021,
    "fiscal_quarter": 1,
    "period_end_date": "2021-03-31",
    "revenue": 7641331476.65,
    "cost_of_revenue": 5242419173.83,
    "gross_profit": 2398912302.82,
    "operating_expenses": 1604182723.81,
    "operating_income": 794729579.01,
    "net_income": 1502896453.75,
    "eps": 4.4339,
    "total_assets": 18846544505.6,
    "total_liabilities": 10770758291.85,
    "total_equity": 5466285876.69,
    "operating_cash_flow": 1161381014.85,
    "free_cash_flow": 1035747258.76,
    "profit_margin": 0.1967,
    "roe": 0.1351,
    "roa": 0.0584,
    "debt_to_equity": 0.3079,
    "current_ratio": 1.5379,
    "auditor": "Deloitte",
    "audit_opinion": "UNQUALIFIED",
    "created_at": "2026-01-01T18:56:02.178708"
  },
  {
    "statement_id": "FS25055393",
    "company_id": "TECH001",
    "company_name": "TechCorp Industries",
    "ticker_symbol": "TECH",
    "statement_type": "INCOME",
    "fiscal_year": 2021,
    "fiscal_quarter": 3,
    "period_end_date": "2021-09-30",
    "revenue": 9932306696.27,
    "cost_of_revenue": 4983415152.46,
    "gross_profit": 4948891543.81,
    "operating_expenses": 3312821079.38,
    "operating_income": 1636070464.43,
    "net_income": 766364552.35,
    "eps": 2.3892,
    "total_assets": 16016653915.79,
    "total_liabilities": 14804041731.05,
    "total_equity": 6675203838.02,
    "operating_cash_flow": 1287380618.31,
    "free_cash_flow": 884682715.72,
    "profit_margin": 0.0772,
    "roe": 0.1841,
    "roa": 0.0826,
    "debt_to_equity": 1.3301,
    "current_ratio": 2.0905,
    "auditor": "BDO",
    "audit_opinion": "UNQUALIFIED",
    "created_at": "2026-01-01T18:56:02.178720"
  },
  {
    "statement_id": "FS90194941",
    "company_id": "FIN001",
    "company_name": "Global Finance Group",
    "ticker_symbol": "GFG",
    "statement_type": "BALANCE_SHEET",
    "fiscal_year": 2020,
    "fiscal_quarter": null,
    "period_end_date": "2020-12-31",
    "revenue": 5429453880.8,
    "cost_of_revenue": 3493002437.24,
    "gross_profit": 1936451443.56,
    "operating_expenses": -211090545.6,
    "operating_income": 2147541989.16,
    "net_income": 769903405.42,
    "eps": 1.5974,
    "total_assets": 14299130751.9,
    "total_liabilities": 5797156964.11,
    "total_equity": 7283124212.34,
    "operating_cash_flow": 1491624122.24,
    "free_cash_flow": 728113868.95,
    "profit_margin": 0.1418,
    "roe": 0.2003,
    "roa": 0.1359,
    "debt_to_equity": 1.2999,
    "current_ratio": 2.199,
    "auditor": "Grant Thornton",
    "audit_opinion": "UNQUALIFIED",
    "created_at": "2026-01-01T18:56:02.178732"
  },
  {
    "statement_id": "FS15896081",
    "company_id": "FIN002",
    "company_name": "Capital Investments LLC",
    "ticker_symbol": "CPIL",
    "statement_type": "CASH_FLOW",
    "fiscal_year": 2021,
    "fiscal_quarter": 1,
    "period_end_date": "2021-03-31",
    "revenue": 7745418981.23,
    "cost_of_revenue": 3858310314.48,
    "gross_profit": 3887108666.75,
    "operating_expenses": 1188557895.19,
    "operating_income": 2698550771.56,
    "net_income": 1881657721.02,
    "eps": 4.3915,
    "total_assets": 18741142905.37,
    "total_liabilities": 10286532874.83,
    "total_equity": 10706546249.88,
    "operating_cash_flow": 1781204524.9,
    "free_cash_flow": 955828657.11,
    "profit_margin": 0.2429,
    "roe": 0.2276,
    "roa": 0.0646,
    "debt_to_equity": 1.9878,
    "current_ratio": 1.4086,
    "auditor": "PwC",
    "audit_opinion": "UNQUALIFIED",
    "created_at": "2026-01-01T18:56:02.178743"
  },
  {
    "statement_id": "FS98512401",
    "company_id": "MFG001",
    "company_name": "Industrial Manufacturing Co.",
    "ticker_symbol": "IMCO",
    "statement_type": "INCOME",
    "fiscal_year": 2024,
    "fiscal_quarter": 2,
    "period_end_date": "2024-06-30",
    "revenue": 6806952159.57,
    "cost_of_revenue": 2467911775.28,
    "gross_profit": 4339040384.29,
    "operating_expenses": 1933304301.17,
    "operating_income": 2405736083.12,
    "net_income": 753304187.04,
    "eps": 1.6242,
    "total_assets": 10827782410.62,
    "total_liabilities": 8268480655.69,
    "total_equity": 6100658822.22,
    "operating_cash_flow": 1474128260.27,
    "free_cash_flow": 522151636.66,
    "profit_margin": 0.1107,
    "roe": 0.0925,
    "roa": 0.1155,
    "debt_to_equity": 1.0056,
    "current_ratio": 1.5941,
    "auditor": "Deloitte",
    "audit_opinion": "UNQUALIFIED",
    "created_at": "2026-01-01T18:56:02.178755"
  },
  {
    "statement_id": "FS28749690",
    "company_id": "TECH002",
    "company_name": "DataSoft Solutions",
    "ticker_symbol": "DATS",
    "statement_type": "BALANCE_SHEET",
    "fiscal_year": 2020,
    "fiscal_quarter": 1,
    "period_end_date": "2020-03-31",
    "revenue": 5227009932.05,
    "cost_of_revenue": 2759351237.93,
    "gross_profit": 2467658694.12,
    "operating_expenses": 586441714.63,
    "operating_income": 1881216979.48,
    "net_income": 764782788.16,
    "eps": 4.5326,
    "total_assets": 8920665141.96,
    "total_liabilities": 6006255456.12,
    "total_equity": 4840835549.65,
    "operating_cash_flow": 1530054599.29,
    "free_cash_flow": 743031014.16,
    "profit_margin": 0.1463,
    "roe": 0.1949,
    "roa": 0.0765,
    "debt_to_equity": 1.5371,
    "current_ratio": 2.1339,
    "auditor": "BDO",
    "audit_opinion": "UNQUALIFIED",
    "created_at": "2026-01-01T18:56:02.178767"
  },
  {
    "statement_id": "FS34900583",
    "company_id": "TECH002",
    "company_name": "DataSoft Solutions",
    "ticker_symbol": "DATS",
    "statement_type": "BALANCE_SHEET",
    "fiscal_year": 2021,
    "fiscal_quarter": 1,
    "period_end_date": "2021-03-31",
    "revenue": 4922874356.64,
    "cost_of_revenue": 2569857985.75,
    "gross_profit": 2353016370.89,
    "operating_expenses": 1786786629.94,
    "operating_income": 566229740.95,
    "net_income": 1208040103.97,
    "eps": 6.0013,
    "total_assets": 7403101858.55,
    "total_liabilities": 4431829871.18,
    "total_equity": 4642456356.75,
    "operating_cash_flow": 1233702280.54,
    "free_cash_flow": 983029527.24,
    "profit_margin": 0.2454,
    "roe": 0.1997,
    "roa": 0.0449,
    "debt_to_equity": 0.3535,
    "current_ratio": 1.1617,
    "auditor": "Deloitte",
    "audit_opinion": "UNQUALIFIED",
    "created_at": "2026-01-01T18:56:02.178778"
  },
  {
    "statement_id": "FS01673468",
    "company_id": "FIN002",
    "company_name": "Capital Investments LLC",
    "ticker_symbol": "CPIL",
    "statement_type": "INCOME",
    "fiscal_year": 2021,
    "fiscal_quarter": null,
    "period_end_date": "2021-12-31",
    "revenue": 9505875447.47,
    "cost_of_revenue": 4548631982.64,
    "gross_profit": 4957243464.83,
    "operating_expenses": 3275226791.23,
    "operating_income": 1682016673.6,
    "net_income": 2268196679.14,
    "eps": 5.4523,
    "total_assets": 16774798773.02,
    "total_liabilities": 8488519701.7,
    "total_equity": 9236650366.14,
    "operating_cash_flow": 2640344816.45,
    "free_cash_flow": 1587398451.92,
    "profit_margin": 0.2386,
    "roe": 0.1283,
    "roa": 0.1006,
    "debt_to_equity": 0.819,
    "current_ratio": 2.1525,
    "auditor": "Grant Thornton",
    "audit_opinion": "UNQUALIFIED",
    "created_at": "2026-01-01T18:56:02.178793"
  },
  {
    "statement_id": "FS97540698",
    "company_id": "HEALTH001",
    "company_name": "MedTech Innovations",
    "ticker_symbol": "MDTI",
    "statement_type": "BALANCE_SHEET",
    "fiscal_year": 2020,
    "fiscal_quarter": 2,
    "period_end_date": "2020-06-30",
    "revenue": 1777613400.7,
    "cost_of_revenue": 1000185585.25,
    "gross_profit": 777427815.45,
    "operating_expenses": 109973161.65,
    "operating_income": 667454653.8,
    "net_income": 165217425.07,
    "eps": 0.9175,
    "total_assets": 4689729207.54,
    "total_liabilities": 1992223477.44,
    "total_equity": 2342930204.94,
    "operating_cash_flow": 455332376.92,
    "free_cash_flow": 193505332.29,
    "profit_margin": 0.0929,
    "roe": 0.2162,
    "roa": 0.0927,
    "debt_to_equity": 0.6249,
    "current_ratio": 2.4615,
    "auditor": "Deloitte",
    "audit_opinion": "UNQUALIFIED",
    "created_at": "2026-01-01T18:56:02.178804"
  },
  {
    "statement_id": "FS16182815",
    "company_id": "RETAIL001",
    "company_name": "Consumer Brands Inc.",
    "ticker_symbol": "CBRN",
    "statement_type": "INCOME",
    "fiscal_year": 2021,
    "fiscal_quarter": null,
    "period_end_date": "2021-12-31",
    "revenue": 6238057778.51,
    "cost_of_revenue": 3475961762.37,
    "gross_profit": 2762096016.14,
    "operating_expenses": 1997784272.6,
    "operating_income": 764311743.54,
    "net_income": 781026469.2,
    "eps": 1.8958,
    "total_assets": 17791848104.2,
    "total_liabilities": 8108934455.68,
    "total_equity": 5985807602.95,
    "operating_cash_flow": 1534145859.11,
    "free_cash_flow": 1076534718.13,
    "profit_margin": 0.1252,
    "roe": 0.1406,
    "roa": 0.1068,
    "debt_to_equity": 1.75,
    "current_ratio": 1.8295,
    "auditor": "EY",
    "audit_opinion": "ADVERSE",
    "created_at": "2026-01-01T18:56:02.178815"
  },
  {
    "statement_id": "FS38080242",
    "company_id": "TECH002",
    "company_name": "DataSoft Solutions",
    "ticker_symbol": "DATS",
    "statement_type": "CASH_FLOW",
    "fiscal_year": 2020,
    "fiscal_quarter": 3,
    "period_end_date": "2020-09-30",
    "revenue": 8570871858.99,
    "cost_of_revenue": 3474034224.52,
    "gross_profit": 5096837634.47,
    "operating_expenses": 2151760949.25,
    "operating_income": 2945076685.22,
    "net_income": 1162420478.02,
    "eps": 7.0602,
    "total_assets": 20515759503.5,
    "total_liabilities": 9823208791.92,
    "total_equity": 12155703249.0,
    "operating_cash_flow": 1757163069.58,
    "free_cash_flow": 1476107743.14,
    "profit_margin": 0.1356,
    "roe": 0.2492,
    "roa": 0.041,
    "debt_to_equity": 0.3591,
    "current_ratio": 2.2301,
    "auditor": "EY",
    "audit_opinion": "UNQUALIFIED",
    "created_at": "2026-01-01T18:56:02.178827"
  },
  {
    "statement_id": "FS57767699",
    "company_id": "RETAIL001",
    "company_name": "Consumer Brands Inc.",
    "ticker_symbol": "CBRN",
    "statement_type": "INCOME",
    "fiscal_year": 2020,
    "fiscal_quarter": null,
    "period_end_date": "2020-12-31",
    "revenue": 8953079531.58,
    "cost_of_revenue": 3169909901.97,
    "gross_profit": 5783169629.61,
    "operating_expenses": 3973378825.08,
    "operating_income": 1809790804.53,
    "net_income": 841561273.43,
    "eps": 2.3138,
    "total_assets": 16476418888.71,
    "total_liabilities": 11662859346.04,
    "total_equity": 13037953204.13,
    "operating_cash_flow": 1031897269.21,
    "free_cash_flow": 1204411925.5,
    "profit_margin": 0.094,
    "roe": 0.097,
    "roa": 0.085,
    "debt_to_equity": 0.9543,
    "current_ratio": 2.5428,
    "auditor": "PwC",
    "audit_opinion": "UNQUALIFIED",
    "created_at": "2026-01-01T18:56:02.178838"
  },
  {
    "statement_id": "FS24619461",
    "company_id": "TECH002",
    "company_name": "DataSoft Solutions",
    "ticker_symbol": "DATS",
    "statement_type": "BALANCE_SHEET",
    "fiscal_year": 2019,
    "fiscal_quarter": 2,
    "period_end_date": "2019-06-30",
    "revenue": 3360712572.84,
    "cost_of_revenue": 2191798544.64,
    "gross_profit": 1168914028.2,
    "operating_expenses": 48087079.62,
    "operating_income": 1120826948.57,
    "net_income": 681279305.53,
    "eps": 2.4463,
    "total_assets": 9104286058.88,
    "total_liabilities": 4271874015.14,
    "total_equity": 1814680628.88,
    "operating_cash_flow": 711808863.56,
    "free_cash_flow": 334651750.33,
    "profit_margin": 0.2027,
    "roe": 0.1264,
    "roa": 0.0599,
    "debt_to_equity": 1.3316,
    "current_ratio": 1.061,
    "auditor": "Grant Thornton",
    "audit_opinion": "UNQUALIFIED",
    "created_at": "2026-01-01T18:56:02.178851"
  },
  {
    "statement_id": "FS68683207",
    "company_id": "TECH001",
    "company_name": "TechCorp Industries",
    "ticker_symbol": "TECH",
    "statement_type": "CASH_FLOW",
    "fiscal_year": 2021,
    "fiscal_quarter": 4,
    "period_end_date": "2021-12-31",
    "revenue": 9607981212.55,
    "cost_of_revenue": 2978659025.31,
    "gross_profit": 6629322187.24,
    "operating_expenses": 3906853294.35,
    "operating_income": 2722468892.89,
    "net_income": 1315488500.19,
    "eps": 5.2123,
    "total_assets": 17533238545.07,
    "total_liabilities": 9799701954.54,
    "total_equity": 10948657286.52,
    "operating_cash_flow": 1182750727.8,
    "free_cash_flow": 1494636920.47,
    "profit_margin": 0.1369,
    "roe": 0.1389,
    "roa": 0.0978,
    "debt_to_equity": 1.8123,
    "current_ratio": 2.8475,
    "auditor": "EY",
    "audit_opinion": "UNQUALIFIED",
    "created_at": "2026-01-01T18:56:02.178863"
  },
  {
    "statement_id": "FS46756191",
    "company_id": "MFG001",
    "company_name": "Industrial Manufacturing Co.",
    "ticker_symbol": "IMCO",
    "statement_type": "CASH_FLOW",
    "fiscal_year": 2019,
    "fiscal_quarter": null,
    "period_end_date": "2019-12-31",
    "revenue": 934437271.28,
    "cost_of_revenue": 410938540.13,
    "gross_profit": 523498731.15,
    "operating_expenses": 423431249.78,
    "operating_income": 100067481.36,
    "net_income": 134980309.4,
    "eps": 0.2919,
    "total_assets": 2778984172.92,
    "total_liabilities": 886416626.35,
    "total_equity": 1191507426.76,
    "operating_cash_flow": 238600017.22,
    "free_cash_flow": 135572647.94,
    "profit_margin": 0.1445,
    "roe": 0.1219,
    "roa": 0.1066,
    "debt_to_equity": 0.3045,
    "current_ratio": 2.2037,
    "auditor": "BDO",
    "audit_opinion": "QUALIFIED",
    "created_at": "2026-01-01T18:56:02.178874"
  },
  {
    "statement_id": "FS35077914",
    "company_id": "MFG001",
    "company_name": "Industrial Manufacturing Co.",
    "ticker_symbol": "IMCO",
    "statement_type": "CASH_FLOW",
    "fiscal_year": 2020,
    "fiscal_quarter": 3,
    "period_end_date": "2020-09-30",
    "revenue": 8961221034.13,
    "cost_of_revenue": 4514611935.12,
    "gross_profit": 4446609099.01,
    "operating_expenses": 3188259733.95,
    "operating_income": 1258349365.05,
    "net_income": 451935514.22,
    "eps": 1.4986,
    "total_assets": 26037288360.41,
    "total_liabilities": 9634067258.71,
    "total_equity": 9987290463.59,
    "operating_cash_flow": 1078238536.9,
    "free_cash_flow": 628278839.29,
    "profit_margin": 0.0504,
    "roe": 0.0974,
    "roa": 0.072,
    "debt_to_equity": 1.713,
    "current_ratio": 2.7703,
    "auditor": "Deloitte",
    "audit_opinion": "QUALIFIED",
    "created_at": "2026-01-01T18:56:02.178886"
  },
  {
    "statement_id": "FS12448655",
    "company_id": "TECH001",
    "company_name": "TechCorp Industries",
    "ticker_symbol": "TECH",
    "statement_type": "INCOME",
    "fiscal_year": 2020,
    "fiscal_quarter": null,
    "period_end_date": "2020-12-31",
    "revenue": 8349355113.36,
    "cost_of_revenue": 5249621289.51,
    "gross_profit": 3099733823.85,
    "operating_expenses": 810011071.86,
    "operating_income": 2289722751.99,
    "net_income": 1082168206.87,
    "eps": 2.7877,
    "total_assets": 16362841321.15,
    "total_liabilities": 9141452169.79,
    "total_equity": 9901288606.54,
    "operating_cash_flow": 1968788420.2,
    "free_cash_flow": 925621118.31,
    "profit_margin": 0.1296,
    "roe": 0.2049,
    "roa": 0.1283,
    "debt_to_equity": 1.0874,
    "current_ratio": 1.4766,
    "auditor": "PwC",
    "audit_opinion": "UNQUALIFIED",
    "created_at": "2026-01-01T18:56:02.178897"
  },
  {
    "statement_id": "FS64986953",
    "company_id": "RETAIL001",
    "company_name": "Consumer Brands Inc.",
    "ticker_symbol": "CBRN",
    "statement_type": "INCOME",
    "fiscal_year": 2023,
    "fiscal_quarter": 2,
    "period_end_date": "2023-06-30",
    "revenue": 9691901378.6,
    "cost_of_revenue": 4159826735.51,
    "gross_profit": 5532074643.09,
    "operating_expenses": 3027746482.54,
    "operating_income": 2504328160.55,
    "net_income": 1357586883.53,
    "eps": 2.783,
    "total_assets": 28517127514.93,
    "total_liabilities": 8581713677.83,
    "total_equity": 11902667542.81,
    "operating_cash_flow": 2659479092.37,
    "free_cash_flow": 1541389805.66,
    "profit_margin": 0.1401,
    "roe": 0.2192,
    "roa": 0.1254,
    "debt_to_equity": 0.7892,
    "current_ratio": 2.8854,
    "auditor": "Deloitte",
    "audit_opinion": "UNQUALIFIED",
    "created_at": "2026-01-01T18:56:02.178910"
  },
  {
    "statement_id": "FS93405826",
    "company_id": "TECH001",
    "company_name": "TechCorp Industries",
    "ticker_symbol": "TECH",
    "statement_type": "CASH_FLOW",
    "fiscal_year": 2019,
    "fiscal_quarter": 3,
    "period_end_date": "2019-09-30",
    "revenue": 9215508887.79,
    "cost_of_revenue": 4703995276.68,
    "gross_profit": 4511513611.11,
    "operating_expenses": 2937193145.4,
    "operating_income": 1574320465.71,
    "net_income": 959751821.98,
    "eps": 2.9472,
    "total_assets": 27015913319.41,
    "total_liabilities": 5235179204.5,
    "total_equity": 8839259637.76,
    "operating_cash_flow": 2735524499.81,
    "free_cash_flow": 821093197.64,
    "profit_margin": 0.1041,
    "roe": 0.2085,
    "roa": 0.0435,
    "debt_to_equity": 1.5511,
    "current_ratio": 2.1636,
    "auditor": "EY",
    "audit_opinion": "UNQUALIFIED",
    "created_at": "2026-01-01T18:56:02.178921"
  },
  {
    "statement_id": "FS25496775",
    "company_id": "HEALTH001",
    "company_name": "MedTech Innovations",
    "ticker_symbol": "MDTI",
    "statement_type": "BALANCE_SHEET",
    "fiscal_year": 2023,
    "fiscal_quarter": 3,
    "period_end_date": "2023-09-30",
    "revenue": 9438690245.85,
    "cost_of_revenue": 4541974547.61,
    "gross_profit": 4896715698.24,
    "operating_expenses": 2199044551.04,
    "operating_income": 2697671147.2,
    "net_income": 746622974.68,
    "eps": 2.1557,
    "total_assets": 19537123383.62,
    "total_liabilities": 12053265321.84,
    "total_equity": 10611163305.79,
    "operating_cash_flow": 2231038820.54,
    "free_cash_flow": 1037499077.54,
    "profit_margin": 0.0791,
    "roe": 0.1764,
    "roa": 0.142,
    "debt_to_equity": 1.8222,
    "current_ratio": 2.3219,
    "auditor": "EY",
    "audit_opinion": "UNQUALIFIED",
    "created_at": "2026-01-01T18:56:02.178933"
  },
  {
    "statement_id": "FS20041220",
    "company_id": "MFG001",
    "company_name": "Industrial Manufacturing Co.",
    "ticker_symbol": "IMCO",
    "statement_type": "BALANCE_SHEET",
    "fiscal_year": 2022,
    "fiscal_quarter": 1,
    "period_end_date": "2022-03-31",
    "revenue": 7509046500.55,
    "cost_of_revenue": 4031153430.47,
    "gross_profit": 3477893070.08,
    "operating_expenses": 2439301641.14,
    "operating_income": 1038591428.94,
    "net_income": 1042809344.75,
    "eps": 2.2174,
    "total_assets": 16807955609.36,
    "total_liabilities": 5567650765.44,
    "total_equity": 4407920159.81,
    "operating_cash_flow": 888250083.29,
    "free_cash_flow": 944509126.69,
    "profit_margin": 0.1389,
    "roe": 0.1121,
    "roa": 0.1493,
    "debt_to_equity": 0.8853,
    "current_ratio": 1.8906,
    "auditor": "Deloitte",
    "audit_opinion": "UNQUALIFIED",
    "created_at": "2026-01-01T18:56:02.178944"
  },
  {
    "statement_id": "FS69398473",
    "company_id": "FIN002",
    "company_name": "Capital Investments LLC",
    "ticker_symbol": "CPIL",
    "statement_type": "BALANCE_SHEET",
    "fiscal_year": 2019,
    "fiscal_quarter": null,
    "period_end_date": "2019-12-31",
    "revenue": 5614869812.78,
    "cost_of_revenue": 1689151053.75,
    "gross_profit": 3925718759.03,
    "operating_expenses": 3065272752.63,
    "operating_income": 860446006.41,
    "net_income": 1213477369.02,
    "eps": 5.0501,
    "total_assets": 12703078624.6,
    "total_liabilities": 6567161279.98,
    "total_equity": 5826381767.32,
    "operating_cash_flow": 938757478.73,
    "free_cash_flow": 899916838.64,
    "profit_margin": 0.2161,
    "roe": 0.165,
    "roa": 0.0986,
    "debt_to_equity": 1.8544,
    "current_ratio": 2.8079,
    "auditor": "KPMG",
    "audit_opinion": "UNQUALIFIED",
    "created_at": "2026-01-01T18:56:02.178955"
  },
  {
    "statement_id": "FS14115841",
    "company_id": "TECH001",
    "company_name": "TechCorp Industries",
    "ticker_symbol": "TECH",
    "statement_type": "INCOME",
    "fiscal_year": 2020,
    "fiscal_quarter": 3,
    "period_end_date": "2020-09-30",
    "revenue": 5655855574.67,
    "cost_of_revenue": 2072367513.39,
    "gross_profit": 3583488061.28,
    "operating_expenses": 2788549502.83,
    "operating_income": 794938558.46,
    "net_income": 981322222.84,
    "eps": 6.8267,
    "total_assets": 9658180446.57,
    "total_liabilities": 4754514370.18,
    "total_equity": 4534157010.26,
    "operating_cash_flow": 780879716.15,
    "free_cash_flow": 1116887086.65,
    "profit_margin": 0.1735,
    "roe": 0.2301,
    "roa": 0.0836,
    "debt_to_equity": 1.6691,
    "current_ratio": 1.161,
    "auditor": "Grant Thornton",
    "audit_opinion": "UNQUALIFIED",
    "created_at": "2026-01-01T18:56:02.178967"
  },
  {
    "statement_id": "FS01155009",
    "company_id": "TECH002",
    "company_name": "DataSoft Solutions",
    "ticker_symbol": "DATS",
    "statement_type": "BALANCE_SHEET",
    "fiscal_year": 2020,
    "fiscal_quarter": 4,
    "period_end_date": "2020-12-31",
    "revenue": 9754127292.07,
    "cost_of_revenue": 6225391267.29,
    "gross_profit": 3528736024.78,
    "operating_expenses": 179446293.91,
    "operating_income": 3349289730.87,
    "net_income": 917521836.16,
    "eps": 4.9515,
    "total_assets": 28516106630.86,
    "total_liabilities": 11083189993.01,
    "total_equity": 10442124849.26,
    "operating_cash_flow": 1486657443.76,
    "free_cash_flow": 1625430679.8,
    "profit_margin": 0.0941,
    "roe": 0.1354,
    "roa": 0.0601,
    "debt_to_equity": 0.9729,
    "current_ratio": 2.1864,
    "auditor": "KPMG",
    "audit_opinion": "UNQUALIFIED",
    "created_at": "2026-01-01T18:56:02.178978"
  },
  {
    "statement_id": "FS26514773",
    "company_id": "RETAIL001",
    "company_name": "Consumer Brands Inc.",
    "ticker_symbol": "CBRN",
    "statement_type": "BALANCE_SHEET",
    "fiscal_year": 2024,
    "fiscal_quarter": 2,
    "period_end_date": "2024-06-30",
    "revenue": 7726964441.3,
    "cost_of_revenue": 3720635761.53,
    "gross_profit": 4006328679.77,
    "operating_expenses": 2906441953.53,
    "operating_income": 1099886726.24,
    "net_income": 1650430406.11,
    "eps": 4.3974,
    "total_assets": 21458656427.39,
    "total_liabilities": 10752140050.8,
    "total_equity": 8814606868.19,
    "operating_cash_flow": 1428069469.65,
    "free_cash_flow": 682596267.64,
    "profit_margin": 0.2136,
    "roe": 0.1809,
    "roa": 0.0587,
    "debt_to_equity": 1.7626,
    "current_ratio": 2.6869,
    "auditor": "BDO",
    "audit_opinion": "ADVERSE",
    "created_at": "2026-01-01T18:56:02.178990"
  },
  {
    "statement_id": "FS45031473",
    "company_id": "RETAIL001",
    "company_name": "Consumer Brands Inc.",
    "ticker_symbol": "CBRN",
    "statement_type": "BALANCE_SHEET",
    "fiscal_year": 2021,
    "fiscal_quarter": 1,
    "period_end_date": "2021-03-31",
    "revenue": 5902728576.83,
    "cost_of_revenue": 3994482843.79,
    "gross_profit": 1908245733.04,
    "operating_expenses": 520282117.47,
    "operating_income": 1387963615.57,
    "net_income": 953019811.55,
    "eps": 2.8925,
    "total_assets": 15114851069.88,
    "total_liabilities": 5303443968.87,
    "total_equity": 3421898513.56,
    "operating_cash_flow": 1003503537.0,
    "free_cash_flow": 801318196.85,
    "profit_margin": 0.1615,
    "roe": 0.2185,
    "roa": 0.0998,
    "debt_to_equity": 1.1934,
    "current_ratio": 2.146,
    "auditor": "PwC",
    "audit_opinion": "UNQUALIFIED",
    "created_at": "2026-01-01T18:56:02.179001"
  },
  {
    "statement_id": "FS43177719",
    "company_id": "RETAIL001",
    "company_name": "Consumer Brands Inc.",
    "ticker_symbol": "CBRN",
    "statement_type": "CASH_FLOW",
    "fiscal_year": 2023,
    "fiscal_quarter": null,
    "period_end_date": "2023-12-31",
    "revenue": 5089642619.32,
    "cost_of_revenue": 3033631287.41,
    "gross_profit": 2056011331.91,
    "operating_expenses": 1519123025.27,
    "operating_income": 536888306.64,
    "net_income": 573439462.25,
    "eps": 2.4154,
    "total_assets": 12435978237.14,
    "total_liabilities": 4228424271.08,
    "total_equity": 4283332864.63,
    "operating_cash_flow": 1007153280.3,
    "free_cash_flow": 757616100.78,
    "profit_margin": 0.1127,
    "roe": 0.117,
    "roa": 0.1404,
    "debt_to_equity": 1.5841,
    "current_ratio": 2.4331,
    "auditor": "PwC",
    "audit_opinion": "UNQUALIFIED",
    "created_at": "2026-01-01T18:56:02.179013"
  },
  {
    "statement_id": "FS46393218",
    "company_id": "MFG001",
    "company_name": "Industrial Manufacturing Co.",
    "ticker_symbol": "IMCO",
    "statement_type": "CASH_FLOW",
    "fiscal_year": 2019,
    "fiscal_quarter": null,
    "period_end_date": "2019-12-31",
    "revenue": 9837620356.63,
    "cost_of_revenue": 6657270248.69,
    "gross_profit": 3180350107.94,
    "operating_expenses": 629470854.13,
    "operating_income": 2550879253.82,
    "net_income": 1007499318.69,
    "eps": 4.8135,
    "total_assets": 22142128094.32,
    "total_liabilities": 10282286883.99,
    "total_equity": 11983178242.97,
    "operating_cash_flow": 1591319841.44,
    "free_cash_flow": 1315973281.49,
    "profit_margin": 0.1024,
    "roe": 0.2327,
    "roa": 0.0979,
    "debt_to_equity": 0.757,
    "current_ratio": 2.1099,
    "auditor": "BDO",
    "audit_opinion": "ADVERSE",
    "created_at": "2026-01-01T18:56:02.179024"
  },
  {
    "statement_id": "FS06997838",
    "company_id": "HEALTH001",
    "company_name": "MedTech Innovations",
    "ticker_symbol": "MDTI",
    "statement_type": "INCOME",
    "fiscal_year": 2022,
    "fiscal_quarter": 4,
    "period_end_date": "2022-12-31",
    "revenue": 5714370208.29,
    "cost_of_revenue": 2691496809.14,
    "gross_profit": 3022873399.15,
    "operating_expenses": 1369333065.41,
    "operating_income": 1653540333.74,
    "net_income": 357652296.99,
    "eps": 0.8085,
    "total_assets": 10289636989.5,
    "total_liabilities": 3378991541.94,
    "total_equity": 4700100855.8,
    "operating_cash_flow": 1021777332.48,
    "free_cash_flow": 1002464781.64,
    "profit_margin": 0.0626,
    "roe": 0.1819,
    "roa": 0.0545,
    "debt_to_equity": 0.5507,
    "current_ratio": 2.1358,
    "auditor": "Deloitte",
    "audit_opinion": "UNQUALIFIED",
    "created_at": "2026-01-01T18:56:02.179038"
  },
  {
    "statement_id": "FS48265452",
    "company_id": "ENERGY001",
    "company_name": "GreenPower Corp",
    "ticker_symbol": "GPWR",
    "statement_type": "BALANCE_SHEET",
    "fiscal_year": 2024,
    "fiscal_quarter": 4,
    "period_end_date": "2024-12-31",
    "revenue": 1100783561.94,
    "cost_of_revenue": 420902917.13,
    "gross_profit": 679880644.81,
    "operating_expenses": 337928088.35,
    "operating_income": 341952556.46,
    "net_income": 144502355.47,
    "eps": 0.4346,
    "total_assets": 2197412541.95,
    "total_liabilities": 1548749173.28,
    "total_equity": 932104859.57,
    "operating_cash_flow": 172347985.47,
    "free_cash_flow": 67515480.2,
    "profit_margin": 0.1313,
    "roe": 0.1499,
    "roa": 0.0963,
    "debt_to_equity": 0.3555,
    "current_ratio": 1.79,
    "auditor": "EY",
    "audit_opinion": "UNQUALIFIED",
    "created_at": "2026-01-01T18:56:02.179050"
  },
  {
    "statement_id": "FS98908441",
    "company_id": "TECH002",
    "company_name": "DataSoft Solutions",
    "ticker_symbol": "DATS",
    "statement_type": "CASH_FLOW",
    "fiscal_year": 2020,
    "fiscal_quarter": 2,
    "period_end_date": "2020-06-30",
    "revenue": 7596861280.7,
    "cost_of_revenue": 2694530375.12,
    "gross_profit": 4902330905.58,
    "operating_expenses": 3545722633.48,
    "operating_income": 1356608272.11,
    "net_income": 641834777.11,
    "eps": 5.4654,
    "total_assets": 21660394278.22,
    "total_liabilities": 10911058961.39,
    "total_equity": 9927641762.57,
    "operating_cash_flow": 1662633271.33,
    "free_cash_flow": 566273033.27,
    "profit_margin": 0.0845,
    "roe": 0.0856,
    "roa": 0.106,
    "debt_to_equity": 1.0017,
    "current_ratio": 2.7457,
    "auditor": "KPMG",
    "audit_opinion": "UNQUALIFIED",
    "created_at": "2026-01-01T18:56:02.179061"
  },
  {
    "statement_id": "FS74243649",
    "company_id": "TECH002",
    "company_name": "DataSoft Solutions",
    "ticker_symbol": "DATS",
    "statement_type": "BALANCE_SHEET",
    "fiscal_year": 2023,
    "fiscal_quarter": 3,
    "period_end_date": "2023-09-30",
    "revenue": 9546214431.61,
    "cost_of_revenue": 5653976048.33,
    "gross_profit": 3892238383.28,
    "operating_expenses": 391300366.3,
    "operating_income": 3500938016.97,
    "net_income": 719113458.13,
    "eps": 1.8564,
    "total_assets": 15544728212.45,
    "total_liabilities": 10489505572.24,
    "total_equity": 6364737141.1,
    "operating_cash_flow": 1635755245.56,
    "free_cash_flow": 1904563723.19,
    "profit_margin": 0.0753,
    "roe": 0.1632,
    "roa": 0.1048,
    "debt_to_equity": 1.7527,
    "current_ratio": 2.1257,
    "auditor": "EY",
    "audit_opinion": "UNQUALIFIED",
    "created_at": "2026-01-01T18:56:02.179072"
  },
  {
    "statement_id": "FS46197306",
    "company_id": "TECH002",
    "company_name": "DataSoft Solutions",
    "ticker_symbol": "DATS",
    "statement_type": "BALANCE_SHEET",
    "fiscal_year": 2021,
    "fiscal_quarter": null,
    "period_end_date": "2021-12-31",
    "revenue": 5521819231.6,
    "cost_of_revenue": 2231523421.14,
    "gross_profit": 3290295810.46,
    "operating_expenses": 1436046406.15,
    "operating_income": 1854249404.31,
    "net_income": 1044121886.22,
    "eps": 3.0533,
    "total_assets": 13469937196.38,
    "total_liabilities": 5527231654.52,
    "total_equity": 5150304433.98,
    "operating_cash_flow": 590712453.84,
    "free_cash_flow": 738433408.68,
    "profit_margin": 0.1891,
    "roe": 0.0961,
    "roa": 0.0985,
    "debt_to_equity": 0.3598,
    "current_ratio": 1.3795,
    "auditor": "EY",
    "audit_opinion": "UNQUALIFIED",
    "created_at": "2026-01-01T18:56:02.179084"
  },
  {
    "statement_id": "FS65830346",
    "company_id": "HEALTH001",
    "company_name": "MedTech Innovations",
    "ticker_symbol": "MDTI",
    "statement_type": "BALANCE_SHEET",
    "fiscal_year": 2024,
    "fiscal_quarter": 3,
    "period_end_date": "2024-09-30",
    "revenue": 8605498954.31,
    "cost_of_revenue": 3657045182.55,
    "gross_profit": 4948453771.76,
    "operating_expenses": 3500051510.56,
    "operating_income": 1448402261.2,
    "net_income": 1807637479.61,
    "eps": 4.7069,
    "total_assets": 24351965058.74,
    "total_liabilities": 6467695007.85,
    "total_equity": 11543510983.88,
    "operating_cash_flow": 1466033902.59,
    "free_cash_flow": 691799106.96,
    "profit_margin": 0.2101,
    "roe": 0.1314,
    "roa": 0.1447,
    "debt_to_equity": 1.6856,
    "current_ratio": 2.8293,
    "auditor": "PwC",
    "audit_opinion": "QUALIFIED",
    "created_at": "2026-01-01T18:56:02.179095"
  },
  {
    "statement_id": "FS96561271",
    "company_id": "HEALTH001",
    "company_name": "MedTech Innovations",
    "ticker_symbol": "MDTI",
    "statement_type": "INCOME",
    "fiscal_year": 2023,
    "fiscal_quarter": 2,
    "period_end_date": "2023-06-30",
    "revenue": 6203064754.76,
    "cost_of_revenue": 2026451202.28,
    "gross_profit": 4176613552.48,
    "operating_expenses": 2806684203.71,
    "operating_income": 1369929348.77,
    "net_income": 508391141.65,
    "eps": 2.6069,
    "total_assets": 18548862362.59,
    "total_liabilities": 4565921472.01,
    "total_equity": 7581326506.27,
    "operating_cash_flow": 1275340290.53,
    "free_cash_flow": 425613253.94,
    "profit_margin": 0.082,
    "roe": 0.1583,
    "roa": 0.1235,
    "debt_to_equity": 1.8761,
    "current_ratio": 2.4976,
    "auditor": "BDO",
    "audit_opinion": "UNQUALIFIED",
    "created_at": "2026-01-01T18:56:02.179108"
  },
  {
    "statement_id": "FS31820348",
    "company_id": "TECH001",
    "company_name": "TechCorp Industries",
    "ticker_symbol": "TECH",
    "statement_type": "BALANCE_SHEET",
    "fiscal_year": 2020,
    "fiscal_quarter": 1,
    "period_end_date": "2020-03-31",
    "revenue": 9068642001.07,
    "cost_of_revenue": 3383657266.48,
    "gross_profit": 5684984734.59,
    "operating_expenses": 3616049776.06,
    "operating_income": 2068934958.53,
    "net_income": 1343053605.51,
    "eps": 3.0277,
    "total_assets": 23927693859.37,
    "total_liabilities": 11447751472.08,
    "total_equity": 9372274754.76,
    "operating_cash_flow": 1489854068.59,
    "free_cash_flow": 1137360564.24,
    "profit_margin": 0.1481,
    "roe": 0.1626,
    "roa": 0.1084,
    "debt_to_equity": 1.3418,
    "current_ratio": 1.9429,
    "auditor": "BDO",
    "audit_opinion": "UNQUALIFIED",
    "created_at": "2026-01-01T18:56:02.179119"
  },
  {
    "statement_id": "FS35061720",
    "company_id": "RETAIL001",
    "company_name": "Consumer Brands Inc.",
    "ticker_symbol": "CBRN",
    "statement_type": "BALANCE_SHEET",
    "fiscal_year": 2022,
    "fiscal_quarter": null,
    "period_end_date": "2022-12-31",
    "revenue": 6288579695.85,
    "cost_of_revenue": 3648727561.17,
    "gross_profit": 2639852134.68,
    "operating_expenses": 1427238550.28,
    "operating_income": 1212613584.4,
    "net_income": 629278780.15,
    "eps": 1.4153,
    "total_assets": 17006567867.54,
    "total_liabilities": 6809242633.14,
    "total_equity": 4529741914.27,
    "operating_cash_flow": 1800735944.48,
    "free_cash_flow": 944558299.55,
    "profit_margin": 0.1001,
    "roe": 0.2482,
    "roa": 0.1398,
    "debt_to_equity": 1.9771,
    "current_ratio": 2.7449,
    "auditor": "Grant Thornton",
    "audit_opinion": "UNQUALIFIED",
    "created_at": "2026-01-01T18:56:02.179130"
  },
  {
    "statement_id": "FS15634087",
    "company_id": "FIN002",
    "company_name": "Capital Investments LLC",
    "ticker_symbol": "CPIL",
    "statement_type": "INCOME",
    "fiscal_year": 2024,
    "fiscal_quarter": null,
    "period_end_date": "2024-12-31",
    "revenue": 9689765291.39,
    "cost_of_revenue": 4933237032.66,
    "gross_profit": 4756528258.73,
    "operating_expenses": 3368460778.44,
    "operating_income": 1388067480.28,
    "net_income": 525759153.16,
    "eps": 2.1141,
    "total_assets": 29008689048.32,
    "total_liabilities": 11306635591.35,
    "total_equity": 11330067285.9,
    "operating_cash_flow": 1893339533.48,
    "free_cash_flow": 1215359096.82,
    "profit_margin": 0.0543,
    "roe": 0.0874,
    "roa": 0.1109,
    "debt_to_equity": 1.7277,
    "current_ratio": 1.3451,
    "auditor": "PwC",
    "audit_opinion": "UNQUALIFIED",
    "created_at": "2026-01-01T18:56:02.179142"
  },
  {
    "statement_id": "FS04165723",
    "company_id": "MFG001",
    "company_name": "Industrial Manufacturing Co.",
    "ticker_symbol": "IMCO",
    "statement_type": "CASH_FLOW",
    "fiscal_year": 2022,
    "fiscal_quarter": 4,
    "period_end_date": "2022-12-31",
    "revenue": 5911476903.74,
    "cost_of_revenue": 3915617291.58,
    "gross_profit": 1995859612.16,
    "operating_expenses": 1386040962.6,
    "operating_income": 609818649.56,
    "net_income": 754994683.9,
    "eps": 1.6587,
    "total_assets": 11389196241.11,
    "total_liabilities": 8687291366.38,
    "total_equity": 5874299093.89,
    "operating_cash_flow": 862081710.54,
    "free_cash_flow": 1017956633.21,
    "profit_margin": 0.1277,
    "roe": 0.0806,
    "roa": 0.0444,
    "debt_to_equity": 1.8975,
    "current_ratio": 2.5238,
    "auditor": "PwC",
    "audit_opinion": "UNQUALIFIED",
    "created_at": "2026-01-01T18:56:02.179153"
  },
  {
    "statement_id": "FS85097124",
    "company_id": "TECH002",
    "company_name": "DataSoft Solutions",
    "ticker_symbol": "DATS",
    "statement_type": "BALANCE_SHEET",
    "fiscal_year": 2022,
    "fiscal_quarter": 4,
    "period_end_date": "2022-12-31",
    "revenue": 6292357747.59,
    "cost_of_revenue": 1953849798.09,
    "gross_profit": 4338507949.5,
    "operating_expenses": 2360113173.71,
    "operating_income": 1978394775.79,
    "net_income": 699994643.7,
    "eps": 2.6744,
    "total_assets": 13073101820.01,
    "total_liabilities": 5784832763.29,
    "total_equity": 5243168772.52,
    "operating_cash_flow": 1729380848.47,
    "free_cash_flow": 1134125511.82,
    "profit_margin": 0.1112,
    "roe": 0.1334,
    "roa": 0.1488,
    "debt_to_equity": 1.7796,
    "current_ratio": 2.0534,
    "auditor": "EY",
    "audit_opinion": "UNQUALIFIED",
    "created_at": "2026-01-01T18:56:02.179164"
  },
  {
    "statement_id": "FS79647291",
    "company_id": "FIN002",
    "company_name": "Capital Investments LLC",
    "ticker_symbol": "CPIL",
    "statement_type": "BALANCE_SHEET",
    "fiscal_year": 2024,
    "fiscal_quarter": 3,
    "period_end_date": "2024-09-30",
    "revenue": 9649314812.8,
    "cost_of_revenue": 5994761522.46,
    "gross_profit": 3654553290.34,
    "operating_expenses": 624011823.33,
    "operating_income": 3030541467.01,
    "net_income": 723153945.84,
    "eps": 3.5924,
    "total_assets": 15545979586.47,
    "total_liabilities": 9028855029.17,
    "total_equity": 10952624373.18,
    "operating_cash_flow": 2430612148.89,
    "free_cash_flow": 1884015629.93,
    "profit_margin": 0.0749,
    "roe": 0.2033,
    "roa": 0.1479,
    "debt_to_equity": 1.258,
    "current_ratio": 1.0376,
    "auditor": "Grant Thornton",
    "audit_opinion": "UNQUALIFIED",
    "created_at": "2026-01-01T18:56:02.179176"
  },
  {
    "statement_id": "FS30282439",
    "company_id": "HEALTH001",
    "company_name": "MedTech Innovations",
    "ticker_symbol": "MDTI",
    "statement_type": "CASH_FLOW",
    "fiscal_year": 2020,
    "fiscal_quarter": 4,
    "period_end_date": "2020-12-31",
    "revenue": 1911618141.23,
    "cost_of_revenue": 1275583226.23,
    "gross_profit": 636034915.0,
    "operating_expenses": 136411201.06,
    "operating_income": 499623713.94,
    "net_income": 112544990.09,
    "eps": 0.238,
    "total_assets": 3108950542.18,
    "total_liabilities": 2186349854.11,
    "total_equity": 2040566571.58,
    "operating_cash_flow": 218473593.09,
    "free_cash_flow": 140076461.28,
    "profit_margin": 0.0589,
    "roe": 0.2224,
    "roa": 0.0715,
    "debt_to_equity": 1.1623,
    "current_ratio": 1.5152,
    "auditor": "BDO",
    "audit_opinion": "UNQUALIFIED",
    "created_at": "2026-01-01T18:56:02.179188"
  },
  {
    "statement_id": "FS10707406",
    "company_id": "TECH001",
    "company_name": "TechCorp Industries",
    "ticker_symbol": "TECH",
    "statement_type": "INCOME",
    "fiscal_year": 2021,
    "fiscal_quarter": 3,
    "period_end_date": "2021-09-30",
    "revenue": 5873600332.47,
    "cost_of_revenue": 3770795761.16,
    "gross_profit": 2102804571.31,
    "operating_expenses": 95218095.29,
    "operating_income": 2007586476.02,
    "net_income": 553580140.59,
    "eps": 1.629,
    "total_assets": 14885625838.51,
    "total_liabilities": 8372391774.41,
    "total_equity": 5147726065.54,
    "operating_cash_flow": 834502913.16,
    "free_cash_flow": 748747265.96,
    "profit_margin": 0.0942,
    "roe": 0.217,
    "roa": 0.1299,
    "debt_to_equity": 0.9515,
    "current_ratio": 1.04,
    "auditor": "EY",
    "audit_opinion": "UNQUALIFIED",
    "created_at": "2026-01-01T18:56:02.179200"
  },
  {
    "statement_id": "FS69717767",
    "company_id": "FIN002",
    "company_name": "Capital Investments LLC",
    "ticker_symbol": "CPIL",
    "statement_type": "BALANCE_SHEET",
    "fiscal_year": 2023,
    "fiscal_quarter": 3,
    "period_end_date": "2023-09-30",
    "revenue": 8950401243.31,
    "cost_of_revenue": 3645707204.59,
    "gross_profit": 5304694038.72,
    "operating_expenses": 4100356622.49,
    "operating_income": 1204337416.23,
    "net_income": 451400056.18,
    "eps": 1.6444,
    "total_assets": 18054472826.5,
    "total_liabilities": 13365081492.87,
    "total_equity": 9092042453.5,
    "operating_cash_flow": 1924429335.3,
    "free_cash_flow": 946229506.81,
    "profit_margin": 0.0504,
    "roe": 0.2414,
    "roa": 0.1306,
    "debt_to_equity": 1.9979,
    "current_ratio": 1.7824,
    "auditor": "EY",
    "audit_opinion": "UNQUALIFIED",
    "created_at": "2026-01-01T18:56:02.179211"
  },
  {
    "statement_id": "FS74138275",
    "company_id": "ENERGY001",
    "company_name": "GreenPower Corp",
    "ticker_symbol": "GPWR",
    "statement_type": "INCOME",
    "fiscal_year": 2021,
    "fiscal_quarter": 1,
    "period_end_date": "2021-03-31",
    "revenue": 4379828285.58,
    "cost_of_revenue": 1387610601.14,
    "gross_profit": 2992217684.44,
    "operating_expenses": 1768709680.78,
    "operating_income": 1223508003.66,
    "net_income": 487586320.28,
    "eps": 1.0072,
    "total_assets": 9753027832.65,
    "total_liabilities": 3183680580.94,
    "total_equity": 2756931272.03,
    "operating_cash_flow": 515773627.62,
    "free_cash_flow": 578644408.49,
    "profit_margin": 0.1113,
    "roe": 0.1772,
    "roa": 0.1285,
    "debt_to_equity": 1.568,
    "current_ratio": 1.0827,
    "auditor": "PwC",
    "audit_opinion": "UNQUALIFIED",
    "created_at": "2026-01-01T18:56:02.179223"
  },
  {
    "statement_id": "FS11522898",
    "company_id": "TECH002",
    "company_name": "DataSoft Solutions",
    "ticker_symbol": "DATS",
    "statement_type": "INCOME",
    "fiscal_year": 2023,
    "fiscal_quarter": 1,
    "period_end_date": "2023-03-31",
    "revenue": 950980931.13,
    "cost_of_revenue": 286596058.87,
    "gross_profit": 664384872.26,
    "operating_expenses": 378352781.9,
    "operating_income": 286032090.37,
    "net_income": 47710646.96,
    "eps": 0.1169,
    "total_assets": 1466374340.94,
    "total_liabilities": 1199819699.35,
    "total_equity": 912684910.87,
    "operating_cash_flow": 256840089.36,
    "free_cash_flow": 87841076.96,
    "profit_margin": 0.0502,
    "roe": 0.2497,
    "roa": 0.0536,
    "debt_to_equity": 0.9049,
    "current_ratio": 2.2322,
    "auditor": "Grant Thornton",
    "audit_opinion": "UNQUALIFIED",
    "created_at": "2026-01-01T18:56:02.179234"
  },
  {
    "statement_id": "FS09456343",
    "company_id": "TECH001",
    "company_name": "TechCorp Industries",
    "ticker_symbol": "TECH",
    "statement_type": "CASH_FLOW",
    "fiscal_year": 2020,
    "fiscal_quarter": 3,
    "period_end_date": "2020-09-30",
    "revenue": 978045528.01,
    "cost_of_revenue": 648969616.18,
    "gross_profit": 329075911.83,
    "operating_expenses": 34814366.63,
    "operating_income": 294261545.2,
    "net_income": 236555952.28,
    "eps": 0.9066,
    "total_assets": 2479805069.84,
    "total_liabilities": 1240425529.15,
    "total_equity": 816970016.13,
    "operating_cash_flow": 164590382.56,
    "free_cash_flow": 149083267.02,
    "profit_margin": 0.2419,
    "roe": 0.1627,
    "roa": 0.1426,
    "debt_to_equity": 1.0464,
    "current_ratio": 2.9185,
    "auditor": "EY",
    "audit_opinion": "UNQUALIFIED",
    "created_at": "2026-01-01T18:56:02.179245"
  },
  {
    "statement_id": "FS84071135",
    "company_id": "MFG001",
    "company_name": "Industrial Manufacturing Co.",
    "ticker_symbol": "IMCO",
    "statement_type": "INCOME",
    "fiscal_year": 2021,
    "fiscal_quarter": 4,
    "period_end_date": "2021-12-31",
    "revenue": 2566731539.83,
    "cost_of_revenue": 1165969085.21,
    "gross_profit": 1400762454.62,
    "operating_expenses": 892138694.97,
    "operating_income": 508623759.65,
    "net_income": 405840193.52,
    "eps": 0.946,
    "total_assets": 7400636637.96,
    "total_liabilities": 1607606448.74,
    "total_equity": 1515116832.41,
    "operating_cash_flow": 695960164.51,
    "free_cash_flow": 364630361.18,
    "profit_margin": 0.1581,
    "roe": 0.1781,
    "roa": 0.058,
    "debt_to_equity": 0.9603,
    "current_ratio": 1.8669,
    "auditor": "Deloitte",
    "audit_opinion": "UNQUALIFIED",
    "created_at": "2026-01-01T18:56:02.179258"
  },
  {
    "statement_id": "FS93574389",
    "company_id": "TECH002",
    "company_name": "DataSoft Solutions",
    "ticker_symbol": "DATS",
    "statement_type": "INCOME",
    "fiscal_year": 2024,
    "fiscal_quarter": null,
    "period_end_date": "2024-12-31",
    "revenue": 1994436877.2,
    "cost_of_revenue": 1156250302.56,
    "gross_profit": 838186574.64,
    "operating_expenses": 633614459.01,
    "operating_income": 204572115.63,
    "net_income": 215713196.89,
    "eps": 0.4651,
    "total_assets": 5030731500.64,
    "total_liabilities": 1412754766.67,
    "total_equity": 2109903639.89,
    "operating_cash_flow": 538957043.19,
    "free_cash_flow": 250977840.38,
    "profit_margin": 0.1082,
    "roe": 0.1359,
    "roa": 0.1422,
    "debt_to_equity": 0.5784,
    "current_ratio": 1.3184,
    "auditor": "Deloitte",
    "audit_opinion": "UNQUALIFIED",
    "created_at": "2026-01-01T18:56:02.179269"
  },
  {
    "statement_id": "FS45057135",
    "company_id": "FIN002",
    "company_name": "Capital Investments LLC",
    "ticker_symbol": "CPIL",
    "statement_type": "CASH_FLOW",
    "fiscal_year": 2024,
    "fiscal_quarter": 2,
    "period_end_date": "2024-06-30",
    "revenue": 3263663191.19,
    "cost_of_revenue": 1030002912.37,
    "gross_profit": 2233660278.82,
    "operating_expenses": 954455487.08,
    "operating_income": 1279204791.74,
    "net_income": 475655968.31,
    "eps": 2.7959,
    "total_assets": 7029396300.67,
    "total_liabilities": 2731013272.9,
    "total_equity": 4889976165.88,
    "operating_cash_flow": 446063619.44,
    "free_cash_flow": 424644595.12,
    "profit_margin": 0.1457,
    "roe": 0.1576,
    "roa": 0.0527,
    "debt_to_equity": 1.6457,
    "current_ratio": 2.3765,
    "auditor": "KPMG",
    "audit_opinion": "UNQUALIFIED",
    "created_at": "2026-01-01T18:56:02.179283"
  },
  {
    "statement_id": "FS47769779",
    "company_id": "TECH002",
    "company_name": "DataSoft Solutions",
    "ticker_symbol": "DATS",
    "statement_type": "CASH_FLOW",
    "fiscal_year": 2019,
    "fiscal_quarter": null,
    "period_end_date": "2019-12-31",
    "revenue": 1253201064.01,
    "cost_of_revenue": 511620273.93,
    "gross_profit": 741580790.08,
    "operating_expenses": 588767470.71,
    "operating_income": 152813319.36,
    "net_income": 146769300.4,
    "eps": 0.4903,
    "total_assets": 2346672554.75,
    "total_liabilities": 1647717118.43,
    "total_equity": 717546884.08,
    "operating_cash_flow": 223657425.31,
    "free_cash_flow": 107859834.33,
    "profit_margin": 0.1171,
    "roe": 0.217,
    "roa": 0.1294,
    "debt_to_equity": 1.2072,
    "current_ratio": 1.0232,
    "auditor": "PwC",
    "audit_opinion": "UNQUALIFIED",
    "created_at": "2026-01-01T18:56:02.179294"
  },
  {
    "statement_id": "FS41035833",
    "company_id": "TECH002",
    "company_name": "DataSoft Solutions",
    "ticker_symbol": "DATS",
    "statement_type": "CASH_FLOW",
    "fiscal_year": 2023,
    "fiscal_quarter": 4,
    "period_end_date": "2023-12-31",
    "revenue": 9154839604.61,
    "cost_of_revenue": 5347841633.51,
    "gross_profit": 3806997971.1,
    "operating_expenses": 1882680955.13,
    "operating_income": 1924317015.97,
    "net_income": 1297940300.17,
    "eps": 2.8163,
    "total_assets": 26394877774.06,
    "total_liabilities": 12127298899.62,
    "total_equity": 11012105747.83,
    "operating_cash_flow": 2666213407.05,
    "free_cash_flow": 617147240.9,
    "profit_margin": 0.1418,
    "roe": 0.1458,
    "roa": 0.0948,
    "debt_to_equity": 0.3326,
    "current_ratio": 1.6507,
    "auditor": "Grant Thornton",
    "audit_opinion": "QUALIFIED",
    "created_at": "2026-01-01T18:56:02.179305"
  },
  {
    "statement_id": "FS30690461",
    "company_id": "FIN002",
    "company_name": "Capital Investments LLC",
    "ticker_symbol": "CPIL",
    "statement_type": "CASH_FLOW",
    "fiscal_year": 2023,
    "fiscal_quarter": 2,
    "period_end_date": "2023-06-30",
    "revenue": 8205578441.19,
    "cost_of_revenue": 4653951557.35,
    "gross_profit": 3551626883.84,
    "operating_expenses": 2064572597.68,
    "operating_income": 1487054286.16,
    "net_income": 520084813.78,
    "eps": 4.9594,
    "total_assets": 19453727498.99,
    "total_liabilities": 7200637915.5,
    "total_equity": 5774324323.92,
    "operating_cash_flow": 1603190629.4,
    "free_cash_flow": 601216881.91,
    "profit_margin": 0.0634,
    "roe": 0.1002,
    "roa": 0.0684,
    "debt_to_equity": 0.8155,
    "current_ratio": 1.7696,
    "auditor": "EY",
    "audit_opinion": "UNQUALIFIED",
    "created_at": "2026-01-01T18:56:02.179317"
  },
  {
    "statement_id": "FS08418938",
    "company_id": "MFG001",
    "company_name": "Industrial Manufacturing Co.",
    "ticker_symbol": "IMCO",
    "statement_type": "BALANCE_SHEET",
    "fiscal_year": 2022,
    "fiscal_quarter": null,
    "period_end_date": "2022-12-31",
    "revenue": 964700345.28,
    "cost_of_revenue": 497480250.03,
    "gross_profit": 467220095.25,
    "operating_expenses": 347675033.22,
    "operating_income": 119545062.03,
    "net_income": 187978653.23,
    "eps": 0.4571,
    "total_assets": 1908616169.61,
    "total_liabilities": 654590493.06,
    "total_equity": 1343923788.19,
    "operating_cash_flow": 154923397.92,
    "free_cash_flow": 147485124.52,
    "profit_margin": 0.1949,
    "roe": 0.1767,
    "roa": 0.0422,
    "debt_to_equity": 1.2909,
    "current_ratio": 2.6581,
    "auditor": "Deloitte",
    "audit_opinion": "UNQUALIFIED",
    "created_at": "2026-01-01T18:56:02.179328"
  },
  {
    "statement_id": "FS59378895",
    "company_id": "MFG001",
    "company_name": "Industrial Manufacturing Co.",
    "ticker_symbol": "IMCO",
    "statement_type": "INCOME",
    "fiscal_year": 2021,
    "fiscal_quarter": 3,
    "period_end_date": "2021-09-30",
    "revenue": 6658219008.75,
    "cost_of_revenue": 3305358186.28,
    "gross_profit": 3352860822.47,
    "operating_expenses": 1850827182.67,
    "operating_income": 1502033639.8,
    "net_income": 424482091.38,
    "eps": 1.3502,
    "total_assets": 14966301028.19,
    "total_liabilities": 8219897501.81,
    "total_equity": 5735855361.51,
    "operating_cash_flow": 1930401420.39,
    "free_cash_flow": 495901339.93,
    "profit_margin": 0.0638,
    "roe": 0.1912,
    "roa": 0.1201,
    "debt_to_equity": 0.7419,
    "current_ratio": 2.6218,
    "auditor": "Grant Thornton",
    "audit_opinion": "UNQUALIFIED",
    "created_at": "2026-01-01T18:56:02.179340"
  },
  {
    "statement_id": "FS86550900",
    "company_id": "TECH002",
    "company_name": "DataSoft Solutions",
    "ticker_symbol": "DATS",
    "statement_type": "INCOME",
    "fiscal_year": 2019,
    "fiscal_quarter": 4,
    "period_end_date": "2019-12-31",
    "revenue": 5689590405.23,
    "cost_of_revenue": 2520319646.78,
    "gross_profit": 3169270758.45,
    "operating_expenses": 2557410917.72,
    "operating_income": 611859840.73,
    "net_income": 1244992546.72,
    "eps": 8.3923,
    "total_assets": 8630315381.39,
    "total_liabilities": 3027122096.01,
    "total_equity": 4864965972.31,
    "operating_cash_flow": 1385525417.17,
    "free_cash_flow": 1055163708.71,
    "profit_margin": 0.2188,
    "roe": 0.0993,
    "roa": 0.0591,
    "debt_to_equity": 1.0134,
    "current_ratio": 1.7585,
    "auditor": "PwC",
    "audit_opinion": "UNQUALIFIED",
    "created_at": "2026-01-01T18:56:02.179351"
  },
  {
    "statement_id": "FS06368987",
    "company_id": "RETAIL001",
    "company_name": "Consumer Brands Inc.",
    "ticker_symbol": "CBRN",
    "statement_type": "CASH_FLOW",
    "fiscal_year": 2019,
    "fiscal_quarter": null,
    "period_end_date": "2019-12-31",
    "revenue": 7853885413.09,
    "cost_of_revenue": 3572871438.8,
    "gross_profit": 4281013974.29,
    "operating_expenses": 2047221712.3,
    "operating_income": 2233792261.99,
    "net_income": 952656135.11,
    "eps": 2.7241,
    "total_assets": 16761371539.91,
    "total_liabilities": 10975403330.57,
    "total_equity": 8636576390.11,
    "operating_cash_flow": 1897769090.31,
    "free_cash_flow": 1332327225.91,
    "profit_margin": 0.1213,
    "roe": 0.2249,
    "roa": 0.0719,
    "debt_to_equity": 1.7041,
    "current_ratio": 2.2194,
    "auditor": "Grant Thornton",
    "audit_opinion": "UNQUALIFIED",
    "created_at": "2026-01-01T18:56:02.179363"
  },
  {
    "statement_id": "FS62426575",
    "company_id": "TECH001",
    "company_name": "TechCorp Industries",
    "ticker_symbol": "TECH",
    "statement_type": "CASH_FLOW",
    "fiscal_year": 2022,
    "fiscal_quarter": 4,
    "period_end_date": "2022-12-31",
    "revenue": 9930626199.86,
    "cost_of_revenue": 5121500870.63,
    "gross_profit": 4809125329.23,
    "operating_expenses": 2248672691.8,
    "operating_income": 2560452637.43,
    "net_income": 1115511935.51,
    "eps": 3.3329,
    "total_assets": 28389478942.74,
    "total_liabilities": 7267585356.82,
    "total_equity": 10872200911.82,
    "operating_cash_flow": 1062414867.79,
    "free_cash_flow": 586230384.38,
    "profit_margin": 0.1123,
    "roe": 0.0803,
    "roa": 0.0839,
    "debt_to_equity": 1.847,
    "current_ratio": 2.0702,
    "auditor": "EY",
    "audit_opinion": "UNQUALIFIED",
    "created_at": "2026-01-01T18:56:02.179374"
  },
  {
    "statement_id": "FS07066561",
    "company_id": "MFG001",
    "company_name": "Industrial Manufacturing Co.",
    "ticker_symbol": "IMCO",
    "statement_type": "INCOME",
    "fiscal_year": 2024,
    "fiscal_quarter": 1,
    "period_end_date": "2024-03-31",
    "revenue": 6807660413.91,
    "cost_of_revenue": 3590324910.58,
    "gross_profit": 3217335503.33,
    "operating_expenses": 2446830258.92,
    "operating_income": 770505244.41,
    "net_income": 1221832342.1,
    "eps": 2.4776,
    "total_assets": 13094591451.07,
    "total_liabilities": 3839727251.66,
    "total_equity": 7282242570.62,
    "operating_cash_flow": 1479617504.63,
    "free_cash_flow": 413523752.02,
    "profit_margin": 0.1795,
    "roe": 0.1919,
    "roa": 0.1491,
    "debt_to_equity": 1.3579,
    "current_ratio": 1.3574,
    "auditor": "Deloitte",
    "audit_opinion": "UNQUALIFIED",
    "created_at": "2026-01-01T18:56:02.179386"
  },
  {
    "statement_id": "FS84391381",
    "company_id": "ENERGY001",
    "company_name": "GreenPower Corp",
    "ticker_symbol": "GPWR",
    "statement_type": "CASH_FLOW",
    "fiscal_year": 2022,
    "fiscal_quarter": 3,
    "period_end_date": "2022-09-30",
    "revenue": 1821453876.02,
    "cost_of_revenue": 556266427.55,
    "gross_profit": 1265187448.47,
    "operating_expenses": 548647905.37,
    "operating_income": 716539543.11,
    "net_income": 346286799.05,
    "eps": 2.4152,
    "total_assets": 2914527367.37,
    "total_liabilities": 1484219818.98,
    "total_equity": 2447699274.13,
    "operating_cash_flow": 454691851.3,
    "free_cash_flow": 209664790.51,
    "profit_margin": 0.1901,
    "roe": 0.1604,
    "roa": 0.1328,
    "debt_to_equity": 1.9102,
    "current_ratio": 2.9451,
    "auditor": "EY",
    "audit_opinion": "UNQUALIFIED",
    "created_at": "2026-01-01T18:56:02.179398"
  },
  {
    "statement_id": "FS46685806",
    "company_id": "RETAIL001",
    "company_name": "Consumer Brands Inc.",
    "ticker_symbol": "CBRN",
    "statement_type": "CASH_FLOW",
    "fiscal_year": 2021,
    "fiscal_quarter": 3,
    "period_end_date": "2021-09-30",
    "revenue": 3131887686.99,
    "cost_of_revenue": 2098217550.55,
    "gross_profit": 1033670136.44,
    "operating_expenses": 561401659.14,
    "operating_income": 472268477.3,
    "net_income": 196981971.75,
    "eps": 0.4831,
    "total_assets": 8926540225.82,
    "total_liabilities": 3433231752.41,
    "total_equity": 3248700472.61,
    "operating_cash_flow": 776099854.59,
    "free_cash_flow": 285045437.05,
    "profit_margin": 0.0629,
    "roe": 0.0837,
    "roa": 0.1452,
    "debt_to_equity": 0.7247,
    "current_ratio": 2.0611,
    "auditor": "BDO",
    "audit_opinion": "UNQUALIFIED",
    "created_at": "2026-01-01T18:56:02.179409"
  },
  {
    "statement_id": "FS04070065",
    "company_id": "HEALTH001",
    "company_name": "MedTech Innovations",
    "ticker_symbol": "MDTI",
    "statement_type": "INCOME",
    "fiscal_year": 2023,
    "fiscal_quarter": 4,
    "period_end_date": "2023-12-31",
    "revenue": 4956760087.06,
    "cost_of_revenue": 2959049790.73,
    "gross_profit": 1997710296.33,
    "operating_expenses": 1250298941.17,
    "operating_income": 747411355.16,
    "net_income": 630898180.59,
    "eps": 3.4707,
    "total_assets": 12810689649.05,
    "total_liabilities": 3575339133.15,
    "total_equity": 3231762431.79,
    "operating_cash_flow": 548702670.5,
    "free_cash_flow": 650260485.75,
    "profit_margin": 0.1273,
    "roe": 0.1612,
    "roa": 0.0578,
    "debt_to_equity": 1.4994,
    "current_ratio": 2.0763,
    "auditor": "PwC",
    "audit_opinion": "UNQUALIFIED",
    "created_at": "2026-01-01T18:56:02.179421"
  },
  {
    "statement_id": "FS60869689",
    "company_id": "TECH002",
    "company_name": "DataSoft Solutions",
    "ticker_symbol": "DATS",
    "statement_type": "BALANCE_SHEET",
    "fiscal_year": 2019,
    "fiscal_quarter": 3,
    "period_end_date": "2019-09-30",
    "revenue": 9875449218.44,
    "cost_of_revenue": 4014774958.12,
    "gross_profit": 5860674260.32,
    "operating_expenses": 4837858096.72,
    "operating_income": 1022816163.6,
    "net_income": 1005080448.67,
    "eps": 3.7347,
    "total_assets": 22831066620.41,
    "total_liabilities": 7676000960.17,
    "total_equity": 5826337603.73,
    "operating_cash_flow": 2066120035.72,
    "free_cash_flow": 1322013551.39,
    "profit_margin": 0.1018,
    "roe": 0.1044,
    "roa": 0.0589,
    "debt_to_equity": 0.3867,
    "current_ratio": 1.6673,
    "auditor": "BDO",
    "audit_opinion": "UNQUALIFIED",
    "created_at": "2026-01-01T18:56:02.179432"
  },
  {
    "statement_id": "FS28880785",
    "company_id": "TECH001",
    "company_name": "TechCorp Industries",
    "ticker_symbol": "TECH",
    "statement_type": "CASH_FLOW",
    "fiscal_year": 2021,
    "fiscal_quarter": 2,
    "period_end_date": "2021-06-30",
    "revenue": 8685715525.8,
    "cost_of_revenue": 5969423275.08,
    "gross_profit": 2716292250.72,
    "operating_expenses": 910783404.56,
    "operating_income": 1805508846.16,
    "net_income": 1817948689.7,
    "eps": 6.3238,
    "total_assets": 25452762137.44,
    "total_liabilities": 6507675662.58,
    "total_equity": 9839191691.78,
    "operating_cash_flow": 2291427021.8,
    "free_cash_flow": 1235844824.9,
    "profit_margin": 0.2093,
    "roe": 0.2415,
    "roa": 0.1099,
    "debt_to_equity": 0.8556,
    "current_ratio": 2.928,
    "auditor": "KPMG",
    "audit_opinion": "UNQUALIFIED",
    "created_at": "2026-01-01T18:56:02.179444"
  },
  {
    "statement_id": "FS32982243",
    "company_id": "ENERGY001",
    "company_name": "GreenPower Corp",
    "ticker_symbol": "GPWR",
    "statement_type": "INCOME",
    "fiscal_year": 2022,
    "fiscal_quarter": 3,
    "period_end_date": "2022-09-30",
    "revenue": 7800934064.69,
    "cost_of_revenue": 5053333621.62,
    "gross_profit": 2747600443.07,
    "operating_expenses": 199418709.69,
    "operating_income": 2548181733.39,
    "net_income": 1043299177.55,
    "eps": 3.1361,
    "total_assets": 14709503478.79,
    "total_liabilities": 6609174178.29,
    "total_equity": 5877319904.58,
    "operating_cash_flow": 1878928554.59,
    "free_cash_flow": 1081372585.28,
    "profit_margin": 0.1337,
    "roe": 0.1665,
    "roa": 0.0817,
    "debt_to_equity": 1.3555,
    "current_ratio": 2.9921,
    "auditor": "PwC",
    "audit_opinion": "UNQUALIFIED",
    "created_at": "2026-01-01T18:56:02.179456"
  },
  {
    "statement_id": "FS65032649",
    "company_id": "HEALTH001",
    "company_name": "MedTech Innovations",
    "ticker_symbol": "MDTI",
    "statement_type": "INCOME",
    "fiscal_year": 2022,
    "fiscal_quarter": 3,
    "period_end_date": "2022-09-30",
    "revenue": 6279140603.04,
    "cost_of_revenue": 2016586072.27,
    "gross_profit": 4262554530.77,
    "operating_expenses": 2663706662.56,
    "operating_income": 1598847868.21,
    "net_income": 1280261508.73,
    "eps": 3.3922,
    "total_assets": 13842811162.64,
    "total_liabilities": 3735653402.06,
    "total_equity": 7122731057.29,
    "operating_cash_flow": 649036455.78,
    "free_cash_flow": 368496323.97,
    "profit_margin": 0.2039,
    "roe": 0.1569,
    "roa": 0.1492,
    "debt_to_equity": 0.5148,
    "current_ratio": 2.3628,
    "auditor": "KPMG",
    "audit_opinion": "UNQUALIFIED",
    "created_at": "2026-01-01T18:56:02.179467"
  },
  {
    "statement_id": "FS66565318",
    "company_id": "FIN001",
    "company_name": "Global Finance Group",
    "ticker_symbol": "GFG",
    "statement_type": "CASH_FLOW",
    "fiscal_year": 2023,
    "fiscal_quarter": 2,
    "period_end_date": "2023-06-30",
    "revenue": 9448375378.3,
    "cost_of_revenue": 4682146675.66,
    "gross_profit": 4766228702.64,
    "operating_expenses": 3485379912.6,
    "operating_income": 1280848790.04,
    "net_income": 1542653937.87,
    "eps": 5.7332,
    "total_assets": 14847850847.93,
    "total_liabilities": 10829412234.84,
    "total_equity": 11974026364.84,
    "operating_cash_flow": 2401731430.36,
    "free_cash_flow": 1566767931.72,
    "profit_margin": 0.1633,
    "roe": 0.2072,
    "roa": 0.0552,
    "debt_to_equity": 1.9113,
    "current_ratio": 2.9401,
    "auditor": "PwC",
    "audit_opinion": "UNQUALIFIED",
    "created_at": "2026-01-01T18:56:02.179478"
  },
  {
    "statement_id": "FS99616752",
    "company_id": "RETAIL001",
    "company_name": "Consumer Brands Inc.",
    "ticker_symbol": "CBRN",
    "statement_type": "CASH_FLOW",
    "fiscal_year": 2021,
    "fiscal_quarter": 3,
    "period_end_date": "2021-09-30",
    "revenue": 2357658137.29,
    "cost_of_revenue": 1437141227.4,
    "gross_profit": 920516909.89,
    "operating_expenses": 13675045.64,
    "operating_income": 906841864.24,
    "net_income": 544764341.67,
    "eps": 2.627,
    "total_assets": 4964552991.68,
    "total_liabilities": 1463193453.3,
    "total_equity": 3176091578.22,
    "operating_cash_flow": 389748461.07,
    "free_cash_flow": 358928679.4,
    "profit_margin": 0.2311,
    "roe": 0.2081,
    "roa": 0.0823,
    "debt_to_equity": 0.8229,
    "current_ratio": 2.6765,
    "auditor": "BDO",
    "audit_opinion": "UNQUALIFIED",
    "created_at": "2026-01-01T18:56:02.179489"
  },
  {
    "statement_id": "FS14297457",
    "company_id": "TECH001",
    "company_name": "TechCorp Industries",
    "ticker_symbol": "TECH",
    "statement_type": "INCOME",
    "fiscal_year": 2019,
    "fiscal_quarter": 3,
    "period_end_date": "2019-09-30",
    "revenue": 7556583721.55,
    "cost_of_revenue": 3351163149.13,
    "gross_profit": 4205420572.42,
    "operating_expenses": 3243810528.21,
    "operating_income": 961610044.21,
    "net_income": 1525316829.84,
    "eps": 3.2334,
    "total_assets": 15946328109.19,
    "total_liabilities": 10592683177.35,
    "total_equity": 4301321416.66,
    "operating_cash_flow": 1362487014.63,
    "free_cash_flow": 685129454.18,
    "profit_margin": 0.2019,
    "roe": 0.1016,
    "roa": 0.0956,
    "debt_to_equity": 1.4917,
    "current_ratio": 1.0433,
    "auditor": "EY",
    "audit_opinion": "UNQUALIFIED",
    "created_at": "2026-01-01T18:56:02.179501"
  },
  {
    "statement_id": "FS22900351",
    "company_id": "FIN001",
    "company_name": "Global Finance Group",
    "ticker_symbol": "GFG",
    "statement_type": "CASH_FLOW",
    "fiscal_year": 2023,
    "fiscal_quarter": 3,
    "period_end_date": "2023-09-30",
    "revenue": 475978828.0,
    "cost_of_revenue": 213711440.12,
    "gross_profit": 262267387.88,
    "operating_expenses": 188367541.84,
    "operating_income": 73899846.04,
    "net_income": 44200573.04,
    "eps": 0.1056,
    "total_assets": 1298704347.6,
    "total_liabilities": 608400759.55,
    "total_equity": 413852280.23,
    "operating_cash_flow": 90163612.51,
    "free_cash_flow": 85186023.52,
    "profit_margin": 0.0929,
    "roe": 0.0897,
    "roa": 0.0615,
    "debt_to_equity": 0.5661,
    "current_ratio": 1.8193,
    "auditor": "BDO",
    "audit_opinion": "UNQUALIFIED",
    "created_at": "2026-01-01T18:56:02.179512"
  },
  {
    "statement_id": "FS85425832",
    "company_id": "MFG001",
    "company_name": "Industrial Manufacturing Co.",
    "ticker_symbol": "IMCO",
    "statement_type": "CASH_FLOW",
    "fiscal_year": 2022,
    "fiscal_quarter": null,
    "period_end_date": "2022-12-31",
    "revenue": 9736704939.58,
    "cost_of_revenue": 5686627286.32,
    "gross_profit": 4050077653.26,
    "operating_expenses": 800347149.4,
    "operating_income": 3249730503.86,
    "net_income": 1462687613.5,
    "eps": 7.611,
    "total_assets": 25779388300.0,
    "total_liabilities": 9807997441.0,
    "total_equity": 8342270764.16,
    "operating_cash_flow": 1789474598.85,
    "free_cash_flow": 1310829201.91,
    "profit_margin": 0.1502,
    "roe": 0.1587,
    "roa": 0.1301,
    "debt_to_equity": 0.8991,
    "current_ratio": 2.4557,
    "auditor": "EY",
    "audit_opinion": "UNQUALIFIED",
    "created_at": "2026-01-01T18:56:02.179525"
  },
  {
    "statement_id": "FS06616378",
    "company_id": "TECH002",
    "company_name": "DataSoft Solutions",
    "ticker_symbol": "DATS",
    "statement_type": "CASH_FLOW",
    "fiscal_year": 2022,
    "fiscal_quarter": 3,
    "period_end_date": "2022-09-30",
    "revenue": 6205930249.93,
    "cost_of_revenue": 2060983073.75,
    "gross_profit": 4144947176.18,
    "operating_expenses": 2335387269.93,
    "operating_income": 1809559906.25,
    "net_income": 1295961359.4,
    "eps": 3.0345,
    "total_assets": 15262821260.58,
    "total_liabilities": 6237314388.11,
    "total_equity": 5159914057.6,
    "operating_cash_flow": 1516216432.72,
    "free_cash_flow": 712788647.64,
    "profit_margin": 0.2088,
    "roe": 0.088,
    "roa": 0.1073,
    "debt_to_equity": 1.9743,
    "current_ratio": 2.1023,
    "auditor": "EY",
    "audit_opinion": "UNQUALIFIED",
    "created_at": "2026-01-01T18:56:02.179536"
  },
  {
    "statement_id": "FS16813489",
    "company_id": "TECH001",
    "company_name": "TechCorp Industries",
    "ticker_symbol": "TECH",
    "statement_type": "INCOME",
    "fiscal_year": 2020,
    "fiscal_quarter": 2,
    "period_end_date": "2020-06-30",
    "revenue": 5011560196.92,
    "cost_of_revenue": 3326322562.42,
    "gross_profit": 1685237634.5,
    "operating_expenses": -10640532.27,
    "operating_income": 1695878166.78,
    "net_income": 461126360.3,
    "eps": 0.9697,
    "total_assets": 12959158100.19,
    "total_liabilities": 3737224573.56,
    "total_equity": 3348989973.22,
    "operating_cash_flow": 1316982608.65,
    "free_cash_flow": 309800122.01,
    "profit_margin": 0.092,
    "roe": 0.1153,
    "roa": 0.1225,
    "debt_to_equity": 0.5679,
    "current_ratio": 1.5731,
    "auditor": "BDO",
    "audit_opinion": "UNQUALIFIED",
    "created_at": "2026-01-01T18:56:02.179549"
  },
  {
    "statement_id": "FS23639664",
    "company_id": "TECH002",
    "company_name": "DataSoft Solutions",
    "ticker_symbol": "DATS",
    "statement_type": "CASH_FLOW",
    "fiscal_year": 2023,
    "fiscal_quarter": null,
    "period_end_date": "2023-12-31",
    "revenue": 2714378583.09,
    "cost_of_revenue": 1036778006.45,
    "gross_profit": 1677600576.64,
    "operating_expenses": 1255456499.52,
    "operating_income": 422144077.12,
    "net_income": 240464561.08,
    "eps": 0.5196,
    "total_assets": 6810016866.01,
    "total_liabilities": 3031004212.87,
    "total_equity": 3815155075.84,
    "operating_cash_flow": 809519840.27,
    "free_cash_flow": 300033933.23,
    "profit_margin": 0.0886,
    "roe": 0.1809,
    "roa": 0.0765,
    "debt_to_equity": 1.7177,
    "current_ratio": 2.3342,
    "auditor": "KPMG",
    "audit_opinion": "UNQUALIFIED",
    "created_at": "2026-01-01T18:56:02.179561"
  },
  {
    "statement_id": "FS82762729",
    "company_id": "FIN001",
    "company_name": "Global Finance Group",
    "ticker_symbol": "GFG",
    "statement_type": "INCOME",
    "fiscal_year": 2020,
    "fiscal_quarter": 2,
    "period_end_date": "2020-06-30",
    "revenue": 898957198.16,
    "cost_of_revenue": 494441330.22,
    "gross_profit": 404515867.94,
    "operating_expenses": 211556228.73,
    "operating_income": 192959639.21,
    "net_income": 107265934.61,
    "eps": 0.4609,
    "total_assets": 1383350695.93,
    "total_liabilities": 756362188.59,
    "total_equity": 1273995826.07,
    "operating_cash_flow": 99213669.77,
    "free_cash_flow": 123148352.51,
    "profit_margin": 0.1193,
    "roe": 0.2205,
    "roa": 0.1126,
    "debt_to_equity": 0.9234,
    "current_ratio": 1.6915,
    "auditor": "KPMG",
    "audit_opinion": "UNQUALIFIED",
    "created_at": "2026-01-01T18:56:02.179572"
  },
  {
    "statement_id": "FS62993334",
    "company_id": "TECH002",
    "company_name": "DataSoft Solutions",
    "ticker_symbol": "DATS",
    "statement_type": "INCOME",
    "fiscal_year": 2019,
    "fiscal_quarter": null,
    "period_end_date": "2019-12-31",
    "revenue": 7428450118.32,
    "cost_of_revenue": 3418531449.94,
    "gross_profit": 4009918668.38,
    "operating_expenses": 2523031258.45,
    "operating_income": 1486887409.93,
    "net_income": 1267229901.98,
    "eps": 3.0502,
    "total_assets": 14024704776.07,
    "total_liabilities": 5490576832.19,
    "total_equity": 9543523205.87,
    "operating_cash_flow": 820332416.38,
    "free_cash_flow": 554920589.31,
    "profit_margin": 0.1706,
    "roe": 0.243,
    "roa": 0.0932,
    "debt_to_equity": 1.536,
    "current_ratio": 1.4962,
    "auditor": "KPMG",
    "audit_opinion": "UNQUALIFIED",
    "created_at": "2026-01-01T18:56:02.179584"
  },
  {
    "statement_id": "FS15483223",
    "company_id": "FIN002",
    "company_name": "Capital Investments LLC",
    "ticker_symbol": "CPIL",
    "statement_type": "BALANCE_SHEET",
    "fiscal_year": 2024,
    "fiscal_quarter": 2,
    "period_end_date": "2024-06-30",
    "revenue": 1206620646.96,
    "cost_of_revenue": 685843220.85,
    "gross_profit": 520777426.11,
    "operating_expenses": 338076957.21,
    "operating_income": 182700468.9,
    "net_income": 256150462.01,
    "eps": 0.5737,
    "total_assets": 2231980454.78,
    "total_liabilities": 1706811112.27,
    "total_equity": 1345108781.25,
    "operating_cash_flow": 253764692.44,
    "free_cash_flow": 101330693.2,
    "profit_margin": 0.2123,
    "roe": 0.2215,
    "roa": 0.0994,
    "debt_to_equity": 0.2398,
    "current_ratio": 1.6278,
    "auditor": "Grant Thornton",
    "audit_opinion": "UNQUALIFIED",
    "created_at": "2026-01-01T18:56:02.179596"
  },
  {
    "statement_id": "FS93781207",
    "company_id": "HEALTH001",
    "company_name": "MedTech Innovations",
    "ticker_symbol": "MDTI",
    "statement_type": "INCOME",
    "fiscal_year": 2022,
    "fiscal_quarter": 1,
    "period_end_date": "2022-03-31",
    "revenue": 8315502829.05,
    "cost_of_revenue": 2930179260.81,
    "gross_profit": 5385323568.24,
    "operating_expenses": 2184145525.21,
    "operating_income": 3201178043.04,
    "net_income": 1219792740.06,
    "eps": 2.9743,
    "total_assets": 15769735683.92,
    "total_liabilities": 8493401169.06,
    "total_equity": 7805004284.53,
    "operating_cash_flow": 2239307483.11,
    "free_cash_flow": 906040918.47,
    "profit_margin": 0.1467,
    "roe": 0.0916,
    "roa": 0.0557,
    "debt_to_equity": 0.7781,
    "current_ratio": 2.2103,
    "auditor": "PwC",
    "audit_opinion": "UNQUALIFIED",
    "created_at": "2026-01-01T18:56:02.179607"
  },
  {
    "statement_id": "FS67842867",
    "company_id": "HEALTH001",
    "company_name": "MedTech Innovations",
    "ticker_symbol": "MDTI",
    "statement_type": "CASH_FLOW",
    "fiscal_year": 2020,
    "fiscal_quarter": 3,
    "period_end_date": "2020-09-30",
    "revenue": 5232232170.83,
    "cost_of_revenue": 2275013861.33,
    "gross_profit": 2957218309.5,
    "operating_expenses": 1605256304.64,
    "operating_income": 1351962004.85,
    "net_income": 579792097.48,
    "eps": 1.3942,
    "total_assets": 11911767405.78,
    "total_liabilities": 7489213940.77,
    "total_equity": 2880235090.52,
    "operating_cash_flow": 1395754841.3,
    "free_cash_flow": 696111141.67,
    "profit_margin": 0.1108,
    "roe": 0.1798,
    "roa": 0.05,
    "debt_to_equity": 0.6258,
    "current_ratio": 2.3265,
    "auditor": "EY",
    "audit_opinion": "UNQUALIFIED",
    "created_at": "2026-01-01T18:56:02.179618"
  },
  {
    "statement_id": "FS20646845",
    "company_id": "ENERGY001",
    "company_name": "GreenPower Corp",
    "ticker_symbol": "GPWR",
    "statement_type": "BALANCE_SHEET",
    "fiscal_year": 2019,
    "fiscal_quarter": 4,
    "period_end_date": "2019-12-31",
    "revenue": 2481147534.13,
    "cost_of_revenue": 1715870719.9,
    "gross_profit": 765276814.23,
    "operating_expenses": -100443174.49,
    "operating_income": 865719988.73,
    "net_income": 384293948.3,
    "eps": 1.3177,
    "total_assets": 5955280135.23,
    "total_liabilities": 1761063922.93,
    "total_equity": 1553465933.56,
    "operating_cash_flow": 622323683.99,
    "free_cash_flow": 401133240.93,
    "profit_margin": 0.1549,
    "roe": 0.2085,
    "roa": 0.1431,
    "debt_to_equity": 1.1684,
    "current_ratio": 2.0453,
    "auditor": "Grant Thornton",
    "audit_opinion": "UNQUALIFIED",
    "created_at": "2026-01-01T18:56:02.179630"
  },
  {
    "statement_id": "FS96893278",
    "company_id": "RETAIL001",
    "company_name": "Consumer Brands Inc.",
    "ticker_symbol": "CBRN",
    "statement_type": "BALANCE_SHEET",
    "fiscal_year": 2019,
    "fiscal_quarter": null,
    "period_end_date": "2019-12-31",
    "revenue": 2139388723.94,
    "cost_of_revenue": 932098864.69,
    "gross_profit": 1207289859.25,
    "operating_expenses": 531569852.94,
    "operating_income": 675720006.31,
    "net_income": 410347118.49,
    "eps": 2.3266,
    "total_assets": 6391773783.69,
    "total_liabilities": 3064230275.78,
    "total_equity": 1202908665.62,
    "operating_cash_flow": 216942992.31,
    "free_cash_flow": 400845339.7,
    "profit_margin": 0.1918,
    "roe": 0.1372,
    "roa": 0.1401,
    "debt_to_equity": 0.8373,
    "current_ratio": 2.2082,
    "auditor": "Grant Thornton",
    "audit_opinion": "UNQUALIFIED",
    "created_at": "2026-01-01T18:56:02.179641"
  },
  {
    "statement_id": "FS96693327",
    "company_id": "FIN001",
    "company_name": "Global Finance Group",
    "ticker_symbol": "GFG",
    "statement_type": "CASH_FLOW",
    "fiscal_year": 2019,
    "fiscal_quarter": 2,
    "period_end_date": "2019-06-30",
    "revenue": 8295295131.19,
    "cost_of_revenue": 4611259024.76,
    "gross_profit": 3684036106.43,
    "operating_expenses": 977711322.67,
    "operating_income": 2706324783.76,
    "net_income": 1720501510.01,
    "eps": 15.7045,
    "total_assets": 23262943394.32,
    "total_liabilities": 9010428663.3,
    "total_equity": 4605574548.18,
    "operating_cash_flow": 1872605041.72,
    "free_cash_flow": 769507800.75,
    "profit_margin": 0.2074,
    "roe": 0.1856,
    "roa": 0.0669,
    "debt_to_equity": 1.7229,
    "current_ratio": 1.7669,
    "auditor": "Deloitte",
    "audit_opinion": "UNQUALIFIED",
    "created_at": "2026-01-01T18:56:02.179652"
  },
  {
    "statement_id": "FS94011802",
    "company_id": "ENERGY001",
    "company_name": "GreenPower Corp",
    "ticker_symbol": "GPWR",
    "statement_type": "INCOME",
    "fiscal_year": 2020,
    "fiscal_quarter": 1,
    "period_end_date": "2020-03-31",
    "revenue": 795035284.28,
    "cost_of_revenue": 309317517.32,
    "gross_profit": 485717766.96,
    "operating_expenses": 320061553.2,
    "operating_income": 165656213.76,
    "net_income": 143367475.31,
    "eps": 0.3043,
    "total_assets": 1981044318.16,
    "total_liabilities": 736920388.0,
    "total_equity": 739411521.16,
    "operating_cash_flow": 188730608.31,
    "free_cash_flow": 116812366.57,
    "profit_margin": 0.1803,
    "roe": 0.2328,
    "roa": 0.1323,
    "debt_to_equity": 0.8627,
    "current_ratio": 1.727,
    "auditor": "PwC",
    "audit_opinion": "UNQUALIFIED",
    "created_at": "2026-01-01T18:56:02.179664"
  },
  {
    "statement_id": "FS08699336",
    "company_id": "HEALTH001",
    "company_name": "MedTech Innovations",
    "ticker_symbol": "MDTI",
    "statement_type": "BALANCE_SHEET",
    "fiscal_year": 2019,
    "fiscal_quarter": 1,
    "period_end_date": "2019-03-31",
    "revenue": 4421126141.79,
    "cost_of_revenue": 1443250061.2,
    "gross_profit": 2977876080.59,
    "operating_expenses": 1654022132.85,
    "operating_income": 1323853947.74,
    "net_income": 721757209.11,
    "eps": 1.7543,
    "total_assets": 10526985041.8,
    "total_liabilities": 2436400669.89,
    "total_equity": 3934944382.91,
    "operating_cash_flow": 869551027.28,
    "free_cash_flow": 858536144.69,
    "profit_margin": 0.1633,
    "roe": 0.1883,
    "roa": 0.0847,
    "debt_to_equity": 1.803,
    "current_ratio": 2.3,
    "auditor": "PwC",
    "audit_opinion": "UNQUALIFIED",
    "created_at": "2026-01-01T18:56:02.179675"
  },
  {
    "statement_id": "FS76893829",
    "company_id": "MFG001",
    "company_name": "Industrial Manufacturing Co.",
    "ticker_symbol": "IMCO",
    "statement_type": "INCOME",
    "fiscal_year": 2022,
    "fiscal_quarter": 3,
    "period_end_date": "2022-09-30",
    "revenue": 8107715869.34,
    "cost_of_revenue": 3344504706.81,
    "gross_profit": 4763211162.53,
    "operating_expenses": 3930460263.5,
    "operating_income": 832750899.03,
    "net_income": 1351455157.57,
    "eps": 3.3805,
    "total_assets": 14146314883.54,
    "total_liabilities": 5912800695.81,
    "total_equity": 12014417460.92,
    "operating_cash_flow": 823811336.11,
    "free_cash_flow": 1302450730.49,
    "profit_margin": 0.1667,
    "roe": 0.0935,
    "roa": 0.1405,
    "debt_to_equity": 1.4025,
    "current_ratio": 1.011,
    "auditor": "Deloitte",
    "audit_opinion": "UNQUALIFIED",
    "created_at": "2026-01-01T18:56:02.179687"
  },
  {
    "statement_id": "FS81824071",
    "company_id": "ENERGY001",
    "company_name": "GreenPower Corp",
    "ticker_symbol": "GPWR",
    "statement_type": "BALANCE_SHEET",
    "fiscal_year": 2021,
    "fiscal_quarter": null,
    "period_end_date": "2021-12-31",
    "revenue": 6677826816.6,
    "cost_of_revenue": 3268721751.55,
    "gross_profit": 3409105065.05,
    "operating_expenses": 2289589759.33,
    "operating_income": 1119515305.71,
    "net_income": 620890697.11,
    "eps": 1.7195,
    "total_assets": 17048492757.86,
    "total_liabilities": 7291759164.1,
    "total_equity": 8242828862.54,
    "operating_cash_flow": 1538642124.14,
    "free_cash_flow": 1000002719.39,
    "profit_margin": 0.093,
    "roe": 0.2032,
    "roa": 0.1172,
    "debt_to_equity": 1.6596,
    "current_ratio": 1.7175,
    "auditor": "BDO",
    "audit_opinion": "UNQUALIFIED",
    "created_at": "2026-01-01T18:56:02.179698"
  },
  {
    "statement_id": "FS47316884",
    "company_id": "FIN002",
    "company_name": "Capital Investments LLC",
    "ticker_symbol": "CPIL",
    "statement_type": "CASH_FLOW",
    "fiscal_year": 2023,
    "fiscal_quarter": 1,
    "period_end_date": "2023-03-31",
    "revenue": 1328333185.79,
    "cost_of_revenue": 869341336.47,
    "gross_profit": 458991849.32,
    "operating_expenses": 56597345.97,
    "operating_income": 402394503.34,
    "net_income": 185614686.4,
    "eps": 1.0985,
    "total_assets": 2031192561.54,
    "total_liabilities": 1384202801.82,
    "total_equity": 1148023426.71,
    "operating_cash_flow": 187977387.09,
    "free_cash_flow": 239316810.7,
    "profit_margin": 0.1397,
    "roe": 0.239,
    "roa": 0.1102,
    "debt_to_equity": 0.9132,
    "current_ratio": 1.777,
    "auditor": "Deloitte",
    "audit_opinion": "UNQUALIFIED",
    "created_at": "2026-01-01T18:56:02.179709"
  },
  {
    "statement_id": "FS48895113",
    "company_id": "TECH001",
    "company_name": "TechCorp Industries",
    "ticker_symbol": "TECH",
    "statement_type": "BALANCE_SHEET",
    "fiscal_year": 2024,
    "fiscal_quarter": 1,
    "period_end_date": "2024-03-31",
    "revenue": 893217325.17,
    "cost_of_revenue": 597000448.52,
    "gross_profit": 296216876.65,
    "operating_expenses": -26194396.96,
    "operating_income": 322411273.61,
    "net_income": 49183459.9,
    "eps": 0.1984,
    "total_assets": 1462056362.65,
    "total_liabilities": 1107952410.3,
    "total_equity": 692917454.01,
    "operating_cash_flow": 193436878.62,
    "free_cash_flow": 123846713.8,
    "profit_margin": 0.0551,
    "roe": 0.172,
    "roa": 0.1078,
    "debt_to_equity": 0.8437,
    "current_ratio": 1.0102,
    "auditor": "Grant Thornton",
    "audit_opinion": "UNQUALIFIED",
    "created_at": "2026-01-01T18:56:02.179721"
  },
  {
    "statement_id": "FS30614843",
    "company_id": "FIN002",
    "company_name": "Capital Investments LLC",
    "ticker_symbol": "CPIL",
    "statement_type": "INCOME",
    "fiscal_year": 2024,
    "fiscal_quarter": 3,
    "period_end_date": "2024-09-30",
    "revenue": 6560243376.89,
    "cost_of_revenue": 4233492132.23,
    "gross_profit": 2326751244.66,
    "operating_expenses": 614544881.96,
    "operating_income": 1712206362.71,
    "net_income": 1510990450.67,
    "eps": 8.518,
    "total_assets": 14742331044.67,
    "total_liabilities": 4000316095.31,
    "total_equity": 7309690810.73,
    "operating_cash_flow": 675545081.59,
    "free_cash_flow": 702396223.89,
    "profit_margin": 0.2303,
    "roe": 0.1237,
    "roa": 0.1458,
    "debt_to_equity": 0.4898,
    "current_ratio": 2.7794,
    "auditor": "Deloitte",
    "audit_opinion": "UNQUALIFIED",
    "created_at": "2026-01-01T18:56:02.179732"
  },
  {
    "statement_id": "FS74189301",
    "company_id": "FIN001",
    "company_name": "Global Finance Group",
    "ticker_symbol": "GFG",
    "statement_type": "INCOME",
    "fiscal_year": 2019,
    "fiscal_quarter": null,
    "period_end_date": "2019-12-31",
    "revenue": 1074925354.14,
    "cost_of_revenue": 433868380.47,
    "gross_profit": 641056973.67,
    "operating_expenses": 381992142.44,
    "operating_income": 259064831.22,
    "net_income": 129183463.26,
    "eps": 0.4977,
    "total_assets": 3106290402.37,
    "total_liabilities": 1003773435.52,
    "total_equity": 1091021556.6,
    "operating_cash_flow": 124722310.25,
    "free_cash_flow": 68717104.45,
    "profit_margin": 0.1202,
    "roe": 0.1631,
    "roa": 0.0423,
    "debt_to_equity": 1.5411,
    "current_ratio": 1.6728,
    "auditor": "BDO",
    "audit_opinion": "UNQUALIFIED",
    "created_at": "2026-01-01T18:56:02.179744"
  },
  {
    "statement_id": "FS71944627",
    "company_id": "FIN001",
    "company_name": "Global Finance Group",
    "ticker_symbol": "GFG",
    "statement_type": "BALANCE_SHEET",
    "fiscal_year": 2021,
    "fiscal_quarter": null,
    "period_end_date": "2021-12-31",
    "revenue": 8050008907.78,
    "cost_of_revenue": 4051148286.12,
    "gross_profit": 3998860621.66,
    "operating_expenses": 926533637.8,
    "operating_income": 3072326983.86,
    "net_income": 998636287.78,
    "eps": 2.0933,
    "total_assets": 24132302468.71,
    "total_liabilities": 8726882251.37,
    "total_equity": 4230884566.1,
    "operating_cash_flow": 2286374970.64,
    "free_cash_flow": 980056217.41,
    "profit_margin": 0.1241,
    "roe": 0.2134,
    "roa": 0.0474,
    "debt_to_equity": 0.9186,
    "current_ratio": 1.5179,
    "auditor": "Grant Thornton",
    "audit_opinion": "UNQUALIFIED",
    "created_at": "2026-01-01T18:56:02.179755"
  },
  {
    "statement_id": "FS00990548",
    "company_id": "RETAIL001",
    "company_name": "Consumer Brands Inc.",
    "ticker_symbol": "CBRN",
    "statement_type": "INCOME",
    "fiscal_year": 2019,
    "fiscal_quarter": 3,
    "period_end_date": "2019-09-30",
    "revenue": 574485903.7,
    "cost_of_revenue": 226191379.44,
    "gross_profit": 348294524.26,
    "operating_expenses": 153169060.68,
    "operating_income": 195125463.58,
    "net_income": 108480747.53,
    "eps": 0.8669,
    "total_assets": 1414640515.91,
    "total_liabilities": 432657463.82,
    "total_equity": 706106033.19,
    "operating_cash_flow": 167313638.77,
    "free_cash_flow": 103769117.53,
    "profit_margin": 0.1888,
    "roe": 0.2498,
    "roa": 0.0473,
    "debt_to_equity": 1.7078,
    "current_ratio": 2.837,
    "auditor": "KPMG",
    "audit_opinion": "UNQUALIFIED",
    "created_at": "2026-01-01T18:56:02.179768"
  },
  {
    "statement_id": "FS21288178",
    "company_id": "RETAIL001",
    "company_name": "Consumer Brands Inc.",
    "ticker_symbol": "CBRN",
    "statement_type": "BALANCE_SHEET",
    "fiscal_year": 2024,
    "fiscal_quarter": 4,
    "period_end_date": "2024-12-31",
    "revenue": 3242113809.06,
    "cost_of_revenue": 1321823996.88,
    "gross_profit": 1920289812.18,
    "operating_expenses": 1490457785.98,
    "operating_income": 429832026.2,
    "net_income": 281212665.26,
    "eps": 0.7105,
    "total_assets": 6150785362.59,
    "total_liabilities": 2637275205.82,
    "total_equity": 4338828148.71,
    "operating_cash_flow": 669632160.84,
    "free_cash_flow": 339691044.02,
    "profit_margin": 0.0867,
    "roe": 0.099,
    "roa": 0.1321,
    "debt_to_equity": 0.5357,
    "current_ratio": 1.2764,
    "auditor": "PwC",
    "audit_opinion": "UNQUALIFIED",
    "created_at": "2026-01-01T18:56:02.179779"
  },
  {
    "statement_id": "FS84857159",
    "company_id": "HEALTH001",
    "company_name": "MedTech Innovations",
    "ticker_symbol": "MDTI",
    "statement_type": "INCOME",
    "fiscal_year": 2019,
    "fiscal_quarter": 2,
    "period_end_date": "2019-06-30",
    "revenue": 5272740790.69,
    "cost_of_revenue": 1654060752.84,
    "gross_profit": 3618680037.85,
    "operating_expenses": 2910306448.0,
    "operating_income": 708373589.86,
    "net_income": 1122842342.56,
    "eps": 10.6294,
    "total_assets": 14331257776.72,
    "total_liabilities": 7673198536.3,
    "total_equity": 5669178810.32,
    "operating_cash_flow": 1568937102.11,
    "free_cash_flow": 869669082.44,
    "profit_margin": 0.213,
    "roe": 0.2244,
    "roa": 0.1335,
    "debt_to_equity": 0.3623,
    "current_ratio": 1.5436,
    "auditor": "PwC",
    "audit_opinion": "UNQUALIFIED",
    "created_at": "2026-01-01T18:56:02.179791"
  },
  {
    "statement_id": "FS91471555",
    "company_id": "ENERGY001",
    "company_name": "GreenPower Corp",
    "ticker_symbol": "GPWR",
    "statement_type": "INCOME",
    "fiscal_year": 2023,
    "fiscal_quarter": 4,
    "period_end_date": "2023-12-31",
    "revenue": 7186628245.2,
    "cost_of_revenue": 4373774918.87,
    "gross_profit": 2812853326.33,
    "operating_expenses": 1694491896.27,
    "operating_income": 1118361430.06,
    "net_income": 602142648.38,
    "eps": 4.4145,
    "total_assets": 19261130577.91,
    "total_liabilities": 10092095072.25,
    "total_equity": 4932919229.5,
    "operating_cash_flow": 731850151.49,
    "free_cash_flow": 633718213.89,
    "profit_margin": 0.0838,
    "roe": 0.2319,
    "roa": 0.0912,
    "debt_to_equity": 1.0111,
    "current_ratio": 1.3335,
    "auditor": "PwC",
    "audit_opinion": "UNQUALIFIED",
    "created_at": "2026-01-01T18:56:02.179802"
  },
  {
    "statement_id": "FS46139906",
    "company_id": "RETAIL001",
    "company_name": "Consumer Brands Inc.",
    "ticker_symbol": "CBRN",
    "statement_type": "BALANCE_SHEET",
    "fiscal_year": 2021,
    "fiscal_quarter": 3,
    "period_end_date": "2021-09-30",
    "revenue": 5778205971.65,
    "cost_of_revenue": 3798028863.86,
    "gross_profit": 1980177107.79,
    "operating_expenses": 1083800551.81,
    "operating_income": 896376555.99,
    "net_income": 883419821.07,
    "eps": 2.6905,
    "total_assets": 15182964444.66,
    "total_liabilities": 7161780812.49,
    "total_equity": 7161541439.83,
    "operating_cash_flow": 1085566835.9,
    "free_cash_flow": 1082651119.66,
    "profit_margin": 0.1529,
    "roe": 0.2313,
    "roa": 0.0545,
    "debt_to_equity": 0.8057,
    "current_ratio": 1.4848,
    "auditor": "EY",
    "audit_opinion": "UNQUALIFIED",
    "created_at": "2026-01-01T18:56:02.179813"
  }
]